time,last_price,volume,oi
2025-09-04 12:10:38.644552+05:30,116.4,,4120425
2025-09-04 12:10:38.876138+05:30,117.55,,4120425
2025-09-04 12:10:39.085842+05:30,117.45,,4120425
2025-09-04 12:10:39.606946+05:30,116.8,,4120425
2025-09-04 12:10:40.095137+05:30,116.3,,4120425
2025-09-04 12:10:40.586454+05:30,115.9,,4120425
2025-09-04 12:10:41.095585+05:30,116.2,,4120425
2025-09-04 12:10:41.574206+05:30,116.25,,4120425
2025-09-04 12:10:42.102338+05:30,116.85,,4120425
2025-09-04 12:10:42.571915+05:30,117.1,,4120425
2025-09-04 12:10:43.116990+05:30,116.9,,4120425
2025-09-04 12:10:43.644377+05:30,116.5,,4120425
2025-09-04 12:10:44.169027+05:30,116.2,,4120425
2025-09-04 12:10:44.571190+05:30,116.75,,4120425
2025-09-04 12:10:45.073727+05:30,117.2,,4120425
2025-09-04 12:10:45.583891+05:30,117.1,,4120425
2025-09-04 12:10:46.376478+05:30,117.75,,4120425
2025-09-04 12:10:46.684970+05:30,117.35,,4120425
2025-09-04 12:10:47.393939+05:30,116.05,,4120425
2025-09-04 12:10:47.576255+05:30,116.45,,4120425
2025-09-04 12:10:48.354867+05:30,116.1,,4120425
2025-09-04 12:10:48.599198+05:30,115.85,,4120425
2025-09-04 12:10:49.102826+05:30,116.25,,4120425
2025-09-04 12:10:49.660931+05:30,115.7,,4120425
2025-09-04 12:10:50.455725+05:30,116.05,,4120425
2025-09-04 12:10:50.607793+05:30,116.2,,4120425
2025-09-04 12:10:51.321190+05:30,116.05,,4120425
2025-09-04 12:10:51.660942+05:30,115.9,,4120425
2025-09-04 12:10:52.360953+05:30,115.95,,4120425
2025-09-04 12:10:52.571686+05:30,116.0,,4120425
2025-09-04 12:10:53.361046+05:30,115.1,,4120425
2025-09-04 12:10:53.593228+05:30,115.2,,4120425
2025-09-04 12:10:54.121913+05:30,115.1,,4120425
2025-09-04 12:10:54.618917+05:30,115.25,,4120425
2025-09-04 12:10:55.096139+05:30,114.8,,4120425
2025-09-04 12:10:55.583802+05:30,114.95,,4120425
2025-09-04 12:10:56.432821+05:30,115.1,,4120425
2025-09-04 12:10:56.632633+05:30,114.95,,4120425
2025-09-04 12:10:57.395002+05:30,115.2,,4120425
2025-09-04 12:10:57.576408+05:30,115.4,,4120425
2025-09-04 12:10:58.361472+05:30,115.0,,4120425
2025-09-04 12:10:58.578806+05:30,114.85,,4120425
2025-09-04 12:10:59.125897+05:30,114.8,,4120425
2025-09-04 12:10:59.575693+05:30,114.35,,4120425
2025-09-04 12:11:00.392005+05:30,114.6,,4120425
2025-09-04 12:11:00.622256+05:30,113.7,,4120425
2025-09-04 12:11:01.236766+05:30,113.7,,4120425
2025-09-04 12:11:01.641840+05:30,113.45,,4120425
2025-09-04 12:11:02.371166+05:30,114.35,,4120425
2025-09-04 12:11:02.588067+05:30,114.5,,4120425
2025-09-04 12:11:03.360416+05:30,113.9,,4120425
2025-09-04 12:11:03.588160+05:30,113.4,,4120425
2025-09-04 12:11:04.104422+05:30,113.45,,4120425
2025-09-04 12:11:04.612118+05:30,113.65,,4120425
2025-09-04 12:11:05.431316+05:30,113.65,,4120425
2025-09-04 12:11:05.604752+05:30,113.65,,4120425
2025-09-04 12:11:06.135071+05:30,113.5,,4120425
2025-09-04 12:11:06.616152+05:30,113.75,,4120425
2025-09-04 12:11:07.326171+05:30,113.8,,4120425
2025-09-04 12:11:07.570834+05:30,114.0,,4120425
2025-09-04 12:11:08.348103+05:30,113.9,,4120425
2025-09-04 12:11:08.617809+05:30,113.85,,4120425
2025-09-04 12:11:09.152650+05:30,114.3,,4120425
2025-09-04 12:11:09.566186+05:30,114.65,,4120425
2025-09-04 12:11:10.341944+05:30,113.8,,4120425
2025-09-04 12:11:10.605148+05:30,113.55,,4120425
2025-09-04 12:11:10.828871+05:30,113.55,,4120425
2025-09-04 12:11:11.360378+05:30,113.7,,4120425
2025-09-04 12:11:11.623848+05:30,113.3,,4120425
2025-09-04 12:11:12.105313+05:30,114.5,,4120425
2025-09-04 12:11:12.394852+05:30,114.95,,4120425
2025-09-04 12:11:12.608123+05:30,114.95,,4120425
2025-09-04 12:11:13.149476+05:30,114.65,,4120425
2025-09-04 12:11:13.658105+05:30,114.75,,4120425
2025-09-04 12:11:14.125327+05:30,114.95,,4120425
2025-09-04 12:11:14.577168+05:30,115.0,,4120425
2025-09-04 12:11:15.103840+05:30,115.0,,4120425
2025-09-04 12:11:15.683827+05:30,115.15,,4120425
2025-09-04 12:11:15.839900+05:30,114.85,,4120425
2025-09-04 12:11:16.329387+05:30,115.35,,4120425
2025-09-04 12:11:16.586355+05:30,115.05,,4120425
2025-09-04 12:11:17.378320+05:30,115.35,,4120425
2025-09-04 12:11:17.570617+05:30,115.3,,4120425
2025-09-04 12:11:18.427832+05:30,115.4,,4120425
2025-09-04 12:11:18.570569+05:30,115.65,,4120425
2025-09-04 12:11:19.122991+05:30,115.3,,4120425
2025-09-04 12:11:19.572952+05:30,115.35,,4120425
2025-09-04 12:11:20.366714+05:30,115.7,,4120425
2025-09-04 12:11:20.697433+05:30,115.45,,4120425
2025-09-04 12:11:20.830001+05:30,115.65,,4120425
2025-09-04 12:11:21.080968+05:30,115.5,,4120425
2025-09-04 12:11:21.633079+05:30,115.75,,4120425
2025-09-04 12:11:22.346602+05:30,115.3,,4120425
2025-09-04 12:11:22.572082+05:30,115.65,,4120425
2025-09-04 12:11:23.115240+05:30,115.4,,4120425
2025-09-04 12:11:23.570140+05:30,115.4,,4120425
2025-09-04 12:11:24.106415+05:30,115.55,,4120425
2025-09-04 12:11:24.422892+05:30,115.4,,4120425
2025-09-04 12:11:24.633781+05:30,115.15,,4120425
2025-09-04 12:11:25.395191+05:30,115.65,,4120425
2025-09-04 12:11:25.588322+05:30,115.9,,4120425
2025-09-04 12:11:25.832507+05:30,116.15,,4120425
2025-09-04 12:11:26.361999+05:30,116.05,,4120425
2025-09-04 12:11:26.620345+05:30,115.75,,4120425
2025-09-04 12:11:27.128879+05:30,116.15,,4120425
2025-09-04 12:11:27.577852+05:30,116.15,,4120425
2025-09-04 12:11:28.165156+05:30,116.55,,4120425
2025-09-04 12:11:28.570881+05:30,116.1,,4120425
2025-09-04 12:11:29.178381+05:30,115.95,,4120425
2025-09-04 12:11:29.583540+05:30,115.95,,4120425
2025-09-04 12:11:30.382636+05:30,115.45,,4120425
2025-09-04 12:11:30.594710+05:30,115.45,,4120425
2025-09-04 12:11:31.441271+05:30,115.6,,4120425
2025-09-04 12:11:31.635592+05:30,115.45,,4120425
2025-09-04 12:11:32.371020+05:30,115.5,,4120425
2025-09-04 12:11:32.657292+05:30,115.65,,4120425
2025-09-04 12:11:33.410609+05:30,115.7,,4120425
2025-09-04 12:11:33.850594+05:30,115.6,,4120425
2025-09-04 12:11:34.105919+05:30,115.65,,4120425
2025-09-04 12:11:34.387504+05:30,115.45,,4120425
2025-09-04 12:11:34.570329+05:30,115.75,,4120425
2025-09-04 12:11:35.104530+05:30,115.65,,4120425
2025-09-04 12:11:35.611352+05:30,115.65,,4120425
2025-09-04 12:11:36.357827+05:30,115.9,,4120425
2025-09-04 12:11:36.615652+05:30,115.7,,4120425
2025-09-04 12:11:37.384149+05:30,116.0,,4120425
2025-09-04 12:11:37.614025+05:30,115.75,,4120425
2025-09-04 12:11:38.152326+05:30,115.95,,4120425
2025-09-04 12:11:38.584101+05:30,115.6,,4120425
2025-09-04 12:11:39.111629+05:30,116.05,,4120425
2025-09-04 12:11:39.600108+05:30,116.0,,4120425
2025-09-04 12:11:40.337372+05:30,116.4,,4120425
2025-09-04 12:11:40.621201+05:30,116.95,,4120425
2025-09-04 12:11:40.873271+05:30,116.7,,4120425
2025-09-04 12:11:41.405180+05:30,116.45,,4120425
2025-09-04 12:11:41.571106+05:30,116.1,,4120425
2025-09-04 12:11:42.065223+05:30,116.3,,4120425
2025-09-04 12:11:42.420693+05:30,116.25,,4120425
2025-09-04 12:11:42.582590+05:30,116.25,,4120425
2025-09-04 12:11:43.114442+05:30,116.1,,4120425
2025-09-04 12:11:43.592314+05:30,115.6,,4120425
2025-09-04 12:11:44.099220+05:30,115.8,,4120425
2025-09-04 12:11:44.338382+05:30,115.55,,4120425
2025-09-04 12:11:44.649052+05:30,115.8,,4120425
2025-09-04 12:11:45.205494+05:30,116.0,,4120425
2025-09-04 12:11:45.604946+05:30,115.7,,4120425
2025-09-04 12:11:45.829498+05:30,115.65,,4120425
2025-09-04 12:11:46.361771+05:30,115.4,,4120425
2025-09-04 12:11:46.570093+05:30,115.4,,4120425
2025-09-04 12:11:47.086243+05:30,115.7,,4120425
2025-09-04 12:11:47.339705+05:30,115.9,,4120425
2025-09-04 12:11:47.597464+05:30,115.9,,4120425
2025-09-04 12:11:48.376767+05:30,115.75,,4120425
2025-09-04 12:11:48.584614+05:30,114.65,,4120425
2025-09-04 12:11:49.109178+05:30,116.15,,4120425
2025-09-04 12:11:49.566173+05:30,116.0,,4120425
2025-09-04 12:11:50.386413+05:30,115.85,,4120425
2025-09-04 12:11:50.607290+05:30,115.9,,4120425
2025-09-04 12:11:50.861788+05:30,116.0,,4120425
2025-09-04 12:11:51.359106+05:30,115.95,,4120425
2025-09-04 12:11:51.570802+05:30,116.2,,4120425
2025-09-04 12:11:52.082114+05:30,116.4,,4120425
2025-09-04 12:11:52.409926+05:30,116.65,,4120425
2025-09-04 12:11:52.592594+05:30,116.6,,4120425
2025-09-04 12:11:53.092310+05:30,116.65,,4120425
2025-09-04 12:11:53.604003+05:30,116.35,,4120425
2025-09-04 12:11:54.073142+05:30,116.55,,4120425
2025-09-04 12:11:54.576506+05:30,116.35,,4120425
2025-09-04 12:11:55.148636+05:30,116.2,,4120425
2025-09-04 12:11:55.661397+05:30,116.8,,4120425
2025-09-04 12:11:55.825214+05:30,117.0,,4120425
2025-09-04 12:11:56.320178+05:30,117.0,,4120425
2025-09-04 12:11:56.570103+05:30,116.95,,4120425
2025-09-04 12:11:57.394011+05:30,117.0,,4120425
2025-09-04 12:11:57.570002+05:30,117.0,,4120425
2025-09-04 12:11:58.103560+05:30,116.7,,4120425
2025-09-04 12:11:58.598171+05:30,116.8,,4120425
2025-09-04 12:11:59.084147+05:30,117.25,,4120425
2025-09-04 12:11:59.422154+05:30,117.15,,4120425
2025-09-04 12:11:59.859322+05:30,118.75,,4120425
2025-09-04 12:12:00.110105+05:30,118.55,,4120425
2025-09-04 12:12:00.637492+05:30,118.5,,4120425
2025-09-04 12:12:00.839862+05:30,118.2,,4120425
2025-09-04 12:12:01.373784+05:30,118.25,,4120425
2025-09-04 12:12:01.636958+05:30,117.95,,4120425
2025-09-04 12:12:02.425249+05:30,119.2,,4120425
2025-09-04 12:12:02.592018+05:30,118.75,,4120425
2025-09-04 12:12:03.069922+05:30,119.2,,4120425
2025-09-04 12:12:03.603897+05:30,118.85,,4120425
2025-09-04 12:12:04.114159+05:30,118.75,,4120425
2025-09-04 12:12:04.610892+05:30,118.2,,4120425
2025-09-04 12:12:05.386103+05:30,118.05,,4120425
2025-09-04 12:12:05.569907+05:30,118.85,,4120425
2025-09-04 12:12:05.847808+05:30,119.0,,4120425
2025-09-04 12:12:06.082747+05:30,119.0,,4120425
2025-09-04 12:12:06.624717+05:30,118.4,,4120425
2025-09-04 12:12:07.332946+05:30,118.2,,4120425
2025-09-04 12:12:07.598700+05:30,118.0,,4120425
2025-09-04 12:12:08.092206+05:30,118.4,,4120425
2025-09-04 12:12:08.606247+05:30,118.25,,4120425
2025-09-04 12:12:09.109009+05:30,117.5,,4120425
2025-09-04 12:12:09.609732+05:30,117.7,,4120425
2025-09-04 12:12:10.431988+05:30,118.05,,4120425
2025-09-04 12:12:10.582610+05:30,117.25,,4120425
2025-09-04 12:12:10.857724+05:30,117.45,,4120425
2025-09-04 12:12:11.148366+05:30,117.25,,4120425
2025-09-04 12:12:11.576834+05:30,117.05,,4120425
2025-09-04 12:12:12.353476+05:30,117.4,,4120425
2025-09-04 12:12:12.603288+05:30,116.95,,4120425
2025-09-04 12:12:13.138502+05:30,118.0,,4120425
2025-09-04 12:12:13.593160+05:30,117.9,,4120425
2025-09-04 12:12:14.129779+05:30,118.0,,4120425
2025-09-04 12:12:14.602107+05:30,118.15,,4120425
2025-09-04 12:12:15.388121+05:30,118.45,,4120425
2025-09-04 12:12:15.564919+05:30,118.15,,4120425
2025-09-04 12:12:15.847871+05:30,117.95,,4120425
2025-09-04 12:12:16.361130+05:30,118.3,,4120425
2025-09-04 12:12:16.587859+05:30,118.15,,4120425
2025-09-04 12:12:17.096978+05:30,118.05,,4120425
2025-09-04 12:12:17.642701+05:30,118.4,,4120425
2025-09-04 12:12:18.411737+05:30,118.55,,4120425
2025-09-04 12:12:18.564722+05:30,118.2,,4120425
2025-09-04 12:12:19.142872+05:30,118.5,,4120425
2025-09-04 12:12:19.359571+05:30,118.2,,4120425
2025-09-04 12:12:19.578508+05:30,118.45,,4120425
2025-09-04 12:12:20.164530+05:30,118.4,,4120425
2025-09-04 12:12:20.569796+05:30,119.2,,4120425
2025-09-04 12:12:20.902195+05:30,119.65,,4120425
2025-09-04 12:12:21.076761+05:30,119.45,,4120425
2025-09-04 12:12:21.628824+05:30,119.45,,4120425
2025-09-04 12:12:22.153276+05:30,119.25,,4120425
2025-09-04 12:12:22.362512+05:30,119.2,,4120425
2025-09-04 12:12:22.612949+05:30,118.95,,4120425
2025-09-04 12:12:23.091786+05:30,119.6,,4120425
2025-09-04 12:12:23.846765+05:30,120.1,,4120425
2025-09-04 12:12:24.110067+05:30,120.15,,4120425
2025-09-04 12:12:24.380758+05:30,120.65,,4120425
2025-09-04 12:12:24.672314+05:30,120.3,,4120425
2025-09-04 12:12:25.091666+05:30,119.95,,4120425
2025-09-04 12:12:25.591499+05:30,119.15,,4120425
2025-09-04 12:16:19.201838+05:30,117.2,,4041675
2025-09-04 12:16:19.667308+05:30,117.55,,4041675
2025-09-04 12:16:19.813427+05:30,117.5,,4041675
2025-09-04 12:16:20.080302+05:30,117.95,,4041675
2025-09-04 12:16:20.821049+05:30,119.1,,4041675
2025-09-04 12:16:21.132785+05:30,119.35,,4041675
2025-09-04 12:16:21.340907+05:30,119.1,,4041675
2025-09-04 12:16:21.862746+05:30,119.5,,4041675
2025-09-04 12:16:22.093424+05:30,119.65,,4041675
2025-09-04 12:16:22.592706+05:30,119.15,,4041675
2025-09-04 12:16:23.350857+05:30,119.25,,4041675
2025-09-04 12:16:23.829975+05:30,119.5,,4041675
2025-09-04 12:16:24.385902+05:30,119.7,,4041675
2025-09-04 12:16:24.814128+05:30,119.8,,4041675
2025-09-04 12:16:25.340630+05:30,120.2,,4041675
2025-09-04 12:16:25.814072+05:30,120.3,,4041675
2025-09-04 12:16:26.098325+05:30,120.45,,4041675
2025-09-04 12:16:26.813955+05:30,120.5,,4041675
2025-09-04 12:16:27.347765+05:30,120.7,,4041675
2025-09-04 12:16:27.563301+05:30,120.05,,4041675
2025-09-04 12:16:27.815102+05:30,120.1,,4041675
2025-09-04 12:18:25.050635+05:30,121.0,,4041675
2025-09-04 12:18:25.242029+05:30,121.85,,4041675
2025-09-04 12:18:25.804385+05:30,121.65,,4041675
2025-09-04 12:18:26.317462+05:30,121.4,,4041675
2025-09-04 12:18:26.773056+05:30,121.8,,4041675
2025-09-04 12:18:27.513256+05:30,121.85,,4041675
2025-09-04 12:18:28.023055+05:30,121.8,,4041675
2025-09-04 12:18:28.294822+05:30,121.95,,4041675
2025-09-04 12:18:29.036070+05:30,121.75,,4041675
2025-09-04 12:18:29.263015+05:30,121.75,,4041675
2025-09-04 12:18:30.034035+05:30,122.5,,4041675
2025-09-04 12:18:30.587961+05:30,122.2,,4041675
2025-09-04 12:18:30.722760+05:30,123.5,,4041675
2025-09-04 12:18:30.998908+05:30,123.4,,4041675
2025-09-04 12:18:31.229265+05:30,123.4,,4041675
2025-09-04 12:18:32.061918+05:30,123.25,,4041675
2025-09-04 12:18:32.287812+05:30,122.5,,4041675
2025-09-04 12:18:32.538094+05:30,122.8,,4041675
2025-09-04 12:18:33.062187+05:30,123.2,,4041675
2025-09-04 12:18:33.260810+05:30,123.8,,4041675
2025-09-04 12:18:33.962909+05:30,123.0,,4041675
2025-09-04 12:18:34.220902+05:30,122.7,,4041675
2025-09-04 12:18:35.052099+05:30,123.35,,4041675
2025-09-04 12:18:35.272329+05:30,123.55,,4041675
2025-09-04 12:18:35.732830+05:30,123.35,,4041675
2025-09-04 12:18:36.041466+05:30,123.35,,4041675
2025-09-04 12:18:36.291198+05:30,122.9,,4041675
2025-09-04 12:18:37.051300+05:30,122.5,,4041675
2025-09-04 12:18:37.508736+05:30,123.0,,4041675
2025-09-04 12:18:38.011849+05:30,123.4,,4041675
2025-09-04 12:18:38.556530+05:30,123.35,,4041675
2025-09-04 12:18:38.994258+05:30,123.5,,4041675
2025-09-04 12:18:39.256844+05:30,123.3,,4041675
2025-09-04 12:18:40.036941+05:30,124.15,,4041675
2025-09-04 12:18:40.295525+05:30,124.0,,4041675
2025-09-04 12:18:40.728068+05:30,124.2,,4041675
2025-09-04 12:18:41.012081+05:30,124.35,,4041675
2025-09-04 12:18:41.281508+05:30,123.95,,4041675
2025-09-04 12:18:42.019502+05:30,123.85,,4041675
2025-09-04 12:18:42.307806+05:30,123.75,,4041675
2025-09-04 12:18:42.530636+05:30,123.65,,4041675
2025-09-04 12:18:42.996421+05:30,123.75,,4041675
2025-09-04 12:18:43.220813+05:30,123.6,,4041675
2025-09-04 12:18:44.016921+05:30,123.85,,4041675
2025-09-04 12:18:44.254176+05:30,123.45,,4041675
2025-09-04 12:18:44.983520+05:30,123.85,,4041675
2025-09-04 12:18:45.266178+05:30,122.95,,4041675
2025-09-04 12:18:45.753770+05:30,123.7,,4041675
2025-09-04 12:18:45.961708+05:30,123.65,,4041675
2025-09-04 12:18:46.287424+05:30,123.95,,4041675
2025-09-04 12:18:46.986257+05:30,124.1,,4041675
2025-09-04 12:18:47.506464+05:30,124.9,,4041675
2025-09-04 12:18:48.027081+05:30,124.85,,4041675
2025-09-04 12:18:48.201513+05:30,124.75,,4041675
2025-09-04 12:18:49.047092+05:30,124.45,,4041675
2025-09-04 12:18:49.232239+05:30,124.55,,4041675
2025-09-04 12:18:50.067233+05:30,124.6,,4041675
2025-09-04 12:18:50.266879+05:30,124.9,,4041675
2025-09-04 12:18:50.730003+05:30,124.65,,4041675
2025-09-04 12:18:51.037081+05:30,124.95,,4041675
2025-09-04 12:18:51.266086+05:30,125.05,,4041675
2025-09-04 12:18:52.029649+05:30,125.3,,4041675
2025-09-04 12:18:52.227849+05:30,124.6,,4041675
2025-09-04 12:18:52.993591+05:30,124.9,,4041675
2025-09-04 12:18:53.250444+05:30,124.95,,4041675
2025-09-04 12:18:54.013035+05:30,126.2,,4041675
2025-09-04 12:18:54.238086+05:30,126.15,,4041675
2025-09-04 12:18:54.462070+05:30,126.25,,4041675
2025-09-04 12:18:55.038037+05:30,126.0,,4041675
2025-09-04 12:18:55.264213+05:30,125.85,,4154250
2025-09-04 12:18:55.712089+05:30,125.95,,4154250
2025-09-04 12:18:56.336067+05:30,126.0,,4154250
2025-09-04 12:18:56.993006+05:30,126.0,,4154250
2025-09-04 12:18:57.278134+05:30,126.35,,4154250
2025-09-04 12:18:57.996216+05:30,126.55,,4154250
2025-09-04 12:18:58.264110+05:30,128.8,,4154250
2025-09-04 12:18:58.993609+05:30,128.35,,4154250
2025-09-04 12:18:59.210125+05:30,128.4,,4154250
2025-09-04 12:19:00.043607+05:30,129.65,,4154250
2025-09-04 12:19:00.581663+05:30,128.8,,4154250
2025-09-04 12:19:00.716458+05:30,128.8,,4154250
2025-09-04 12:19:01.268040+05:30,128.4,,4154250
2025-09-04 12:19:02.028036+05:30,128.15,,4154250
2025-09-04 12:19:02.291386+05:30,127.55,,4154250
2025-09-04 12:19:02.986808+05:30,127.6,,4154250
2025-09-04 12:19:03.244967+05:30,127.3,,4154250
2025-09-04 12:19:04.023560+05:30,127.5,,4154250
2025-09-04 12:19:04.233182+05:30,126.75,,4154250
2025-09-04 12:19:05.098946+05:30,126.75,,4154250
2025-09-04 12:19:05.245014+05:30,127.2,,4154250
2025-09-04 12:19:05.751720+05:30,127.1,,4154250
2025-09-04 12:19:06.223517+05:30,126.8,,4154250
2025-09-04 12:33:57.534556+05:30,124.7,,3281175
2025-09-04 12:33:57.934341+05:30,124.2,,3202950
2025-09-04 12:33:58.172856+05:30,124.45,,3202950
2025-09-04 12:33:58.418996+05:30,124.2,,3202950
2025-09-04 12:33:58.896556+05:30,123.8,,3202950
2025-09-04 12:33:59.219770+05:30,123.7,,3202950
2025-09-04 12:33:59.477598+05:30,123.6,,3202950
2025-09-04 12:33:59.877203+05:30,123.5,,3202950
2025-09-04 12:34:00.705213+05:30,123.55,,3202950
2025-09-04 12:34:01.127215+05:30,123.75,,3202950
2025-09-04 12:34:01.398521+05:30,123.25,,3202950
2025-09-04 12:34:01.879548+05:30,123.9,,3202950
2025-09-04 12:34:02.379649+05:30,123.4,,3202950
2025-09-04 12:34:03.149998+05:30,123.45,,3202950
2025-09-04 12:34:03.410893+05:30,122.95,,3202950
2025-09-04 12:34:04.149094+05:30,122.95,,3202950
2025-09-04 12:34:04.410349+05:30,122.9,,3202950
2025-09-04 12:34:04.991130+05:30,122.0,,3202950
2025-09-04 12:34:05.395872+05:30,121.9,,3202950
2025-09-04 12:34:05.622648+05:30,122.1,,3202950
2025-09-04 12:34:06.207820+05:30,122.1,,3202950
2025-09-04 12:34:06.385161+05:30,122.0,,3202950
2025-09-04 12:34:07.209449+05:30,121.65,,3202950
2025-09-04 12:34:07.390562+05:30,121.55,,3202950
2025-09-04 12:34:08.123248+05:30,121.55,,3202950
2025-09-04 12:34:08.737992+05:30,122.2,,3202950
2025-09-04 12:34:09.197051+05:30,122.05,,3202950
2025-09-04 12:34:09.377785+05:30,123.0,,3202950
2025-09-04 12:34:09.951173+05:30,122.75,,3202950
2025-09-04 12:34:10.399180+05:30,122.65,,3202950
2025-09-04 12:34:10.627617+05:30,122.6,,3202950
2025-09-04 12:34:11.201018+05:30,122.75,,3202950
2025-09-04 12:34:11.396591+05:30,122.75,,3202950
2025-09-04 12:34:12.153969+05:30,122.95,,3202950
2025-09-04 12:34:12.694297+05:30,122.75,,3202950
2025-09-04 12:34:13.149146+05:30,122.85,,3202950
2025-09-04 12:34:13.628229+05:30,122.55,,3202950
2025-09-04 12:34:14.199710+05:30,123.1,,3202950
2025-09-04 12:34:14.501240+05:30,123.0,,3202950
2025-09-04 12:34:14.876985+05:30,122.95,,3202950
2025-09-04 12:34:15.627040+05:30,123.6,,3202950
2025-09-04 12:34:16.129212+05:30,123.75,,3202950
2025-09-04 12:34:16.630073+05:30,124.2,,3202950
2025-09-04 12:34:17.161002+05:30,124.45,,3202950
2025-09-04 12:34:17.631902+05:30,124.6,,3202950
2025-09-04 12:34:18.144304+05:30,125.0,,3202950
2025-09-04 12:34:18.378371+05:30,124.65,,3202950
2025-09-04 12:34:19.245187+05:30,124.5,,3202950
2025-09-04 12:34:19.660647+05:30,124.55,,3202950
2025-09-04 12:34:19.871886+05:30,124.25,,3202950
2025-09-04 12:34:20.460382+05:30,124.1,,3202950
2025-09-04 12:34:20.628153+05:30,124.4,,3202950
2025-09-04 12:34:21.125243+05:30,124.3,,3202950
2025-09-04 12:34:21.636170+05:30,124.35,,3202950
2025-09-04 12:34:22.135406+05:30,124.8,,3202950
2025-09-04 12:34:22.371831+05:30,125.0,,3202950
2025-09-04 12:34:23.148732+05:30,125.0,,3202950
2025-09-04 12:34:23.382046+05:30,125.05,,3202950
2025-09-04 12:34:24.217820+05:30,124.65,,3202950
2025-09-04 12:34:24.627366+05:30,124.75,,3202950
2025-09-04 12:34:24.901885+05:30,124.4,,3202950
2025-09-04 12:34:25.382001+05:30,124.85,,3202950
2025-09-04 12:34:25.715720+05:30,124.75,,3202950
2025-09-04 12:34:26.193553+05:30,124.7,,3202950
2025-09-04 12:34:26.382636+05:30,125.5,,3202950
2025-09-04 12:34:27.124984+05:30,125.55,,3202950
2025-09-04 12:34:27.409846+05:30,125.2,,3202950
2025-09-04 12:34:28.185874+05:30,125.15,,3202950
2025-09-04 12:34:28.372278+05:30,125.2,,3202950
2025-09-04 12:34:29.126526+05:30,125.25,,3202950
2025-09-04 12:34:29.424900+05:30,125.0,,3202950
2025-09-04 12:34:29.991151+05:30,124.55,,3202950
2025-09-04 12:34:30.431575+05:30,124.65,,3202950
2025-09-04 12:34:30.651439+05:30,124.0,,3202950
2025-09-04 12:34:31.211852+05:30,123.95,,3202950
2025-09-04 12:34:31.438554+05:30,123.9,,3202950
2025-09-04 12:34:32.174572+05:30,124.0,,3202950
2025-09-04 12:34:32.381494+05:30,124.6,,3202950
2025-09-04 12:34:32.628571+05:30,124.85,,3202950
2025-09-04 12:34:33.159703+05:30,124.6,,3202950
2025-09-04 12:34:33.467453+05:30,124.75,,3202950
2025-09-04 12:34:34.124769+05:30,124.75,,3202950
2025-09-04 12:34:34.461951+05:30,125.05,,3202950
2025-09-04 12:34:35.011522+05:30,125.65,,3202950
2025-09-04 12:34:35.435796+05:30,125.35,,3202950
2025-09-04 12:34:35.903505+05:30,125.3,,3202950
2025-09-04 12:34:36.161788+05:30,125.4,,3202950
2025-09-04 12:34:36.471126+05:30,125.5,,3202950
2025-09-04 12:34:37.127166+05:30,125.55,,3202950
2025-09-04 12:34:37.490800+05:30,125.45,,3202950
2025-09-04 12:34:38.135486+05:30,125.5,,3202950
2025-09-04 12:34:38.382048+05:30,125.6,,3202950
2025-09-04 12:34:39.176311+05:30,125.85,,3202950
2025-09-04 12:34:39.442882+05:30,126.2,,3202950
2025-09-04 12:34:39.880702+05:30,126.3,,3202950
2025-09-04 12:34:40.451155+05:30,126.5,,3202950
2025-09-04 12:34:40.876563+05:30,126.65,,3202950
2025-09-04 12:34:41.438500+05:30,127.0,,3202950
2025-09-04 12:34:42.131533+05:30,127.05,,3202950
2025-09-04 12:34:42.403300+05:30,126.7,,3202950
2025-09-04 12:34:43.167157+05:30,126.25,,3202950
2025-09-04 12:34:43.680635+05:30,126.4,,3202950
2025-09-04 12:34:44.126452+05:30,126.75,,3202950
2025-09-04 12:34:44.377261+05:30,126.5,,3202950
2025-09-04 12:34:44.899511+05:30,126.85,,3202950
2025-09-04 12:34:45.622051+05:30,126.8,,3202950
2025-09-04 12:34:45.890654+05:30,126.9,,3202950
2025-09-04 12:34:46.147127+05:30,126.9,,3202950
2025-09-04 12:34:46.624467+05:30,126.65,,3202950
2025-09-04 12:34:47.246307+05:30,126.9,,3202950
2025-09-04 12:34:47.411969+05:30,126.7,,3202950
2025-09-04 12:34:48.217804+05:30,127.2,,3202950
2025-09-04 12:34:48.621158+05:30,127.2,,3202950
2025-09-04 12:34:49.127422+05:30,127.45,,3202950
2025-09-04 12:34:49.626210+05:30,126.95,,3202950
2025-09-04 12:34:50.169225+05:30,127.1,,3202950
2025-09-04 12:34:50.493828+05:30,127.2,,3202950
2025-09-04 12:34:50.922577+05:30,127.2,,3202950
2025-09-04 12:34:51.691111+05:30,127.2,,3202950
2025-09-04 12:34:52.188314+05:30,127.55,,3202950
2025-09-04 12:34:52.407453+05:30,127.5,,3202950
2025-09-04 12:34:53.148208+05:30,127.0,,3202950
2025-09-04 12:34:53.389792+05:30,127.0,,3202950
2025-09-04 12:34:54.196390+05:30,127.0,,3202950
2025-09-04 12:34:54.434940+05:30,127.15,,3202950
2025-09-04 12:34:54.632513+05:30,127.15,,3202950
2025-09-04 12:34:54.899964+05:30,127.1,,3202950
2025-09-04 12:34:55.621235+05:30,127.1,,3202950
2025-09-04 12:34:55.915818+05:30,127.05,,3202950
2025-09-04 12:34:56.386773+05:30,127.25,,3202950
2025-09-04 12:34:57.226600+05:30,127.35,,3202950
2025-09-04 12:34:57.399036+05:30,127.25,,3202950
2025-09-04 12:34:58.143450+05:30,127.3,,3202950
2025-09-04 12:34:58.648249+05:30,126.9,,3202950
2025-09-04 12:34:59.148567+05:30,127.45,,3202950
2025-09-04 12:34:59.706364+05:30,127.2,,3202950
2025-09-04 12:34:59.931845+05:30,127.2,,3202950
2025-09-04 12:35:00.426241+05:30,127.0,,3202950
2025-09-04 12:35:00.631047+05:30,127.25,,3202950
2025-09-04 12:35:01.182519+05:30,127.85,,3202950
2025-09-04 12:35:01.375912+05:30,127.55,,3202950
2025-09-04 12:35:02.191848+05:30,128.05,,3202950
2025-09-04 12:35:02.405854+05:30,127.75,,3202950
2025-09-04 12:35:03.158339+05:30,127.45,,3202950
2025-09-04 12:35:03.775495+05:30,127.45,,3202950
2025-09-04 12:35:04.130096+05:30,127.4,,3202950
2025-09-04 12:35:04.453060+05:30,127.2,,3202950
2025-09-04 12:35:04.995538+05:30,128.75,,3202950
2025-09-04 12:35:05.677080+05:30,128.85,,3202950
2025-09-04 12:35:05.893810+05:30,129.5,,3202950
2025-09-04 12:35:06.385040+05:30,129.0,,3202950
2025-09-04 12:35:07.138662+05:30,129.25,,3202950
2025-09-04 12:35:07.417904+05:30,128.95,,3202950
2025-09-04 12:35:08.162850+05:30,128.85,,3202950
2025-09-04 12:35:08.622244+05:30,128.7,,3202950
2025-09-04 12:35:09.152383+05:30,127.85,,3202950
2025-09-04 12:35:09.633227+05:30,127.9,,3202950
2025-09-04 12:35:09.929854+05:30,127.9,,3202950
2025-09-04 12:35:10.669821+05:30,127.95,,3202950
2025-09-04 12:35:10.927059+05:30,128.05,,3202950
2025-09-04 12:35:11.375901+05:30,128.15,,3202950
2025-09-04 12:35:11.640214+05:30,128.0,,3202950
2025-09-04 12:35:12.153234+05:30,128.15,,3202950
2025-09-04 12:35:12.376956+05:30,128.05,,3202950
2025-09-04 12:35:13.125909+05:30,127.6,,3202950
2025-09-04 12:35:13.627379+05:30,127.75,,3202950
2025-09-04 12:35:14.160911+05:30,128.1,,3202950
2025-09-04 12:35:14.625800+05:30,128.0,,3202950
2025-09-04 12:35:14.893582+05:30,127.85,,3202950
2025-09-04 12:35:15.675357+05:30,127.75,,3202950
2025-09-04 12:35:15.921131+05:30,127.75,,3202950
2025-09-04 12:35:16.377282+05:30,127.6,,3202950
2025-09-04 12:35:17.139097+05:30,126.5,,3202950
2025-09-04 12:35:17.416482+05:30,126.7,,3202950
2025-09-04 12:35:18.185037+05:30,126.7,,3202950
2025-09-04 12:35:18.635287+05:30,126.9,,3202950
2025-09-04 12:35:19.125768+05:30,127.0,,3202950
2025-09-04 12:35:19.457951+05:30,127.1,,3202950
2025-09-04 12:35:19.631070+05:30,127.05,,3202950
2025-09-04 12:35:20.126094+05:30,126.95,,3202950
2025-09-04 12:35:20.631042+05:30,127.25,,3202950
2025-09-04 12:35:20.947518+05:30,127.25,,3202950
2025-09-04 12:35:21.135293+05:30,127.35,,3202950
2025-09-04 12:35:21.393078+05:30,127.2,,3202950
2025-09-04 12:35:22.208688+05:30,127.3,,3202950
2025-09-04 12:35:22.448938+05:30,127.25,,3202950
2025-09-04 12:35:23.227860+05:30,127.35,,3202950
2025-09-04 12:35:23.696838+05:30,127.25,,3202950
2025-09-04 12:35:24.161972+05:30,127.05,,3202950
2025-09-04 12:35:24.642081+05:30,126.8,,3202950
2025-09-04 12:35:24.895587+05:30,127.1,,3202950
2025-09-04 12:35:25.625527+05:30,127.05,,3202950
2025-09-04 12:35:25.898986+05:30,127.05,,3202950
2025-09-04 12:35:26.143482+05:30,127.0,,3202950
2025-09-04 12:35:26.432776+05:30,126.45,,3202950
2025-09-04 12:35:27.238045+05:30,126.4,,3202950
2025-09-04 12:35:27.625613+05:30,126.35,,3202950
2025-09-04 13:44:22.127717+05:30,123.9,,4061475
2025-09-04 13:44:22.226786+05:30,123.95,,4061475
2025-09-04 13:44:22.410808+05:30,123.6,,4061475
2025-09-04 13:44:22.932295+05:30,123.25,,4061475
2025-09-04 13:44:23.155018+05:30,123.4,,4061475
2025-09-04 13:44:23.534994+05:30,123.3,,4061475
2025-09-04 13:44:23.698868+05:30,123.65,,4061475
2025-09-04 13:44:24.174328+05:30,123.1,,4061475
2025-09-04 13:44:24.654605+05:30,123.35,,4061475
2025-09-04 13:44:25.216262+05:30,123.15,,4061475
2025-09-04 13:44:25.443203+05:30,123.5,,4061475
2025-09-04 13:44:26.207059+05:30,123.3,,4061475
2025-09-04 13:44:27.158514+05:30,123.2,,4061475
2025-09-04 13:44:27.454071+05:30,123.15,,4061475
2025-09-04 13:44:27.921185+05:30,121.75,,4061475
2025-09-04 13:44:28.158361+05:30,121.9,,4061475
2025-09-04 13:44:28.731809+05:30,122.3,,4061475
2025-09-04 13:44:29.224258+05:30,122.1,,4061475
2025-09-04 13:44:29.511294+05:30,122.45,,4061475
2025-09-04 13:44:30.159330+05:30,122.25,,4061475
2025-09-04 13:44:30.658905+05:30,122.25,,4061475
2025-09-04 13:44:31.205737+05:30,121.9,,4061475
2025-09-04 13:44:32.270473+05:30,121.25,,4061475
2025-09-04 13:44:32.435874+05:30,121.4,,4061475
2025-09-04 13:44:32.941466+05:30,121.2,,4061475
2025-09-04 13:44:33.211712+05:30,121.05,,4061475
2025-09-04 13:44:33.447397+05:30,121.2,,4061475
2025-09-04 13:44:33.653349+05:30,121.55,,4061475
2025-09-04 13:44:34.184369+05:30,121.7,,4061475
2025-09-04 13:44:34.436035+05:30,121.6,,4061475
2025-09-04 13:44:35.158972+05:30,121.35,,4061475
2025-09-04 13:44:36.159018+05:30,121.5,,4061475
2025-09-04 13:44:36.403358+05:30,121.6,,4061475
2025-09-04 13:44:37.154571+05:30,121.75,,4061475
2025-09-04 13:44:37.460935+05:30,121.9,,4061475
2025-09-04 13:44:37.908231+05:30,122.3,,4061475
2025-09-04 13:44:38.158532+05:30,122.05,,4061475
2025-09-04 13:44:38.495989+05:30,122.1,,4061475
2025-09-04 13:44:38.658414+05:30,122.15,,4061475
2025-09-04 13:44:39.159030+05:30,122.05,,4061475
2025-09-04 13:44:39.403754+05:30,122.4,,4061475
2025-09-04 13:44:40.255827+05:30,122.0,,4061475
2025-09-04 13:44:40.404209+05:30,122.0,,4061475
2025-09-04 13:44:41.158288+05:30,122.1,,4061475
2025-09-04 13:44:42.153372+05:30,121.8,,4061475
2025-09-04 13:44:42.428213+05:30,122.5,,4061475
2025-09-04 13:44:42.903172+05:30,121.9,,4061475
2025-09-04 13:44:43.158415+05:30,120.75,,4061475
2025-09-04 13:44:43.409945+05:30,120.85,,4061475
2025-09-04 13:44:43.663788+05:30,120.35,,4061475
2025-09-04 13:44:44.173309+05:30,120.6,,4061475
2025-09-04 13:44:44.431046+05:30,120.85,,4061475
2025-09-04 13:44:45.161048+05:30,121.05,,4061475
2025-09-04 13:44:45.431953+05:30,121.05,,4061475
2025-09-04 13:44:46.159754+05:30,120.8,,4061475
2025-09-04 13:44:46.409440+05:30,120.5,,4061475
2025-09-04 13:44:47.159717+05:30,120.6,,4061475
2025-09-04 13:44:47.409254+05:30,120.85,,4061475
2025-09-04 13:44:47.914093+05:30,120.5,,4061475
2025-09-04 13:44:48.159380+05:30,120.5,,4061475
2025-09-04 13:44:48.408338+05:30,120.75,,4061475
2025-09-04 13:44:48.714283+05:30,120.5,,4061475
2025-09-04 13:44:49.208900+05:30,120.8,,4061475
2025-09-04 13:44:49.409631+05:30,120.5,,4061475
2025-09-04 13:44:50.192072+05:30,120.5,,4061475
2025-09-04 13:44:51.230706+05:30,121.1,,4061475
2025-09-04 13:44:51.481045+05:30,121.25,,4061475
2025-09-04 13:44:52.159506+05:30,120.55,,4061475
2025-09-04 13:44:52.426696+05:30,120.25,,4061475
2025-09-04 13:44:52.906802+05:30,119.1,,4061475
2025-09-04 13:44:53.159028+05:30,119.3,,4061475
2025-09-04 13:44:53.444770+05:30,119.4,,4061475
2025-09-04 13:44:53.674556+05:30,119.5,,4061475
2025-09-04 13:44:54.159524+05:30,119.5,,4061475
2025-09-04 13:44:54.403015+05:30,119.5,,4061475
2025-09-04 13:44:55.160255+05:30,119.55,,4061475
2025-09-04 13:44:55.410417+05:30,119.8,,4061475
2025-09-04 13:44:56.158308+05:30,119.9,,4061475
2025-09-04 13:44:56.497301+05:30,120.1,,4061475
2025-09-04 13:44:56.943590+05:30,120.7,,4061475
2025-09-04 13:44:57.217785+05:30,120.4,,4061475
2025-09-04 13:44:57.403935+05:30,120.3,,4061475
2025-09-04 13:44:57.904836+05:30,120.7,,4061475
2025-09-04 13:44:58.206351+05:30,120.4,,4061475
2025-09-04 13:44:58.409224+05:30,120.8,,4061475
2025-09-04 13:44:58.685402+05:30,120.0,,4061475
2025-09-04 13:44:59.198001+05:30,120.35,,4061475
2025-09-04 13:44:59.509930+05:30,120.3,,4061475
2025-09-04 13:45:00.238492+05:30,120.65,,4061475
2025-09-04 13:45:00.506308+05:30,120.65,,4061475
2025-09-04 13:45:00.658173+05:30,120.65,,4061475
2025-09-04 13:45:01.219607+05:30,120.9,,4061475
2025-09-04 13:45:01.518926+05:30,121.2,,4061475
2025-09-04 13:45:01.954026+05:30,120.65,,4061475
2025-09-04 13:45:02.159735+05:30,120.8,,4061475
2025-09-04 13:45:02.499215+05:30,120.8,,4061475
2025-09-04 13:45:02.907895+05:30,120.55,,4061475
2025-09-04 13:45:03.159364+05:30,120.8,,4061475
2025-09-04 13:45:03.410256+05:30,120.75,,4061475
2025-09-04 13:45:03.658051+05:30,120.2,,4061475
2025-09-04 13:45:04.241637+05:30,120.15,,4061475
2025-09-04 13:45:04.482381+05:30,120.8,,4061475
2025-09-04 13:45:05.160186+05:30,121.05,,4061475
2025-09-04 13:45:05.409480+05:30,121.05,,4061475
2025-09-04 13:45:06.158911+05:30,121.25,,4061475
2025-09-04 13:45:06.507324+05:30,121.4,,4061475
2025-09-04 13:45:07.160228+05:30,121.1,,4061475
2025-09-04 13:45:07.408271+05:30,121.6,,4061475
2025-09-04 13:45:07.907846+05:30,121.35,,4061475
2025-09-04 13:45:08.198513+05:30,121.0,,4061475
2025-09-04 13:45:08.409693+05:30,120.8,,4061475
2025-09-04 13:45:08.908001+05:30,121.2,,4061475
2025-09-04 13:45:09.154124+05:30,121.35,,4061475
2025-09-04 13:45:09.408581+05:30,121.9,,4061475
2025-09-04 13:45:10.202528+05:30,121.55,,4061475
2025-09-04 13:45:10.408958+05:30,121.4,,4061475
2025-09-04 13:45:11.198116+05:30,122.15,,4061475
2025-09-04 13:45:11.409130+05:30,122.2,,4061475
2025-09-04 13:45:12.159129+05:30,122.0,,4061475
2025-09-04 13:45:12.410917+05:30,122.0,,4061475
2025-09-04 13:45:12.907768+05:30,120.3,,4061475
2025-09-04 13:45:13.278253+05:30,121.05,,4061475
2025-09-04 13:45:13.467589+05:30,121.25,,4061475
2025-09-04 13:45:13.945773+05:30,121.2,,4061475
2025-09-04 13:45:14.296368+05:30,121.4,,4061475
2025-09-04 13:45:14.653428+05:30,121.45,,4061475
2025-09-04 13:45:14.913729+05:30,121.5,,4061475
2025-09-04 13:45:15.409534+05:30,121.2,,4061475
2025-09-04 13:45:16.246096+05:30,120.5,,4061475
2025-09-04 13:45:16.408901+05:30,120.2,,4061475
2025-09-04 13:45:17.233107+05:30,121.05,,4061475
2025-09-04 13:45:17.456017+05:30,120.9,,4061475
2025-09-04 13:45:18.275594+05:30,120.95,,4061475
2025-09-04 13:45:18.501091+05:30,120.65,,4061475
2025-09-04 13:45:18.941808+05:30,120.7,,4061475
2025-09-04 13:45:19.204799+05:30,120.35,,4061475
2025-09-04 13:45:19.685077+05:30,119.7,,4061475
2025-09-04 13:45:20.188383+05:30,120.3,,4061475
2025-09-04 13:45:20.509747+05:30,120.5,,4061475
2025-09-04 13:45:21.197786+05:30,120.4,,4061475
2025-09-04 13:45:21.538531+05:30,120.75,,4061475
2025-09-04 13:45:22.253146+05:30,120.2,,4061475
2025-09-04 13:45:22.453595+05:30,120.15,,4061475
2025-09-04 13:45:23.159048+05:30,119.5,,4061475
2025-09-04 13:45:23.488207+05:30,119.25,,4061475
2025-09-04 13:45:23.936789+05:30,119.45,,4061475
2025-09-04 13:45:24.227027+05:30,118.5,,4061475
2025-09-04 13:45:24.495206+05:30,118.4,,4061475
2025-09-04 13:45:25.159964+05:30,118.45,,4061475
2025-09-04 13:45:25.481293+05:30,118.5,,4061475
2025-09-04 13:45:26.209628+05:30,117.8,,4061475
2025-09-04 13:45:26.409015+05:30,117.8,,4061475
2025-09-04 13:45:27.253220+05:30,118.65,,4061475
2025-09-04 13:45:27.443282+05:30,118.75,,4061475
2025-09-04 13:45:28.208427+05:30,119.1,,4061475
2025-09-04 13:45:28.504545+05:30,119.0,,4061475
2025-09-04 13:45:28.909752+05:30,119.15,,4061475
2025-09-04 13:45:29.177800+05:30,119.1,,4061475
2025-09-04 13:45:29.460280+05:30,118.9,,4061475
2025-09-04 13:45:29.653900+05:30,119.1,,4061475
2025-09-04 13:45:30.238839+05:30,118.75,,4061475
2025-09-04 13:45:30.464187+05:30,119.05,,4061475
2025-09-04 13:45:30.652585+05:30,119.05,,4061475
2025-09-04 13:45:31.159071+05:30,119.2,,4061475
2025-09-04 13:45:31.407634+05:30,119.2,,4061475
2025-09-04 13:45:32.295467+05:30,119.4,,4061475
2025-09-04 13:45:32.408170+05:30,118.9,,4061475
2025-09-04 13:45:33.172081+05:30,119.15,,4061475
2025-09-04 13:45:33.436201+05:30,119.25,,4061475
2025-09-04 13:45:33.946095+05:30,119.5,,4061475
2025-09-04 13:45:34.158913+05:30,119.7,,4061475
2025-09-04 13:45:34.658867+05:30,119.15,,4061475
2025-09-04 13:45:35.198706+05:30,119.45,,4061475
2025-09-04 13:45:35.499929+05:30,119.4,,4061475
2025-09-04 13:45:36.407957+05:30,119.35,,4061475
2025-09-04 13:45:37.255242+05:30,119.2,,4061475
2025-09-04 13:45:37.443495+05:30,119.25,,4061475
2025-09-04 13:45:38.284599+05:30,119.7,,4061475
2025-09-04 13:45:38.408628+05:30,119.15,,4061475
2025-09-04 13:45:38.941405+05:30,119.35,,4061475
2025-09-04 13:45:39.412202+05:30,119.6,,4061475
2025-09-04 13:45:40.210717+05:30,119.8,,4061475
2025-09-04 13:45:40.408966+05:30,119.8,,4061475
2025-09-04 13:45:41.469773+05:30,119.45,,4061475
2025-09-04 13:45:42.232591+05:30,119.85,,4061475
2025-09-04 13:45:42.423550+05:30,119.8,,4061475
2025-09-04 13:45:43.250093+05:30,120.3,,4061475
2025-09-04 13:45:43.408710+05:30,120.35,,4061475
2025-09-04 13:45:43.942237+05:30,120.15,,4061475
2025-09-04 13:45:44.530316+05:30,120.55,,4061475
2025-09-04 13:45:45.154742+05:30,119.9,,4061475
2025-09-04 13:45:45.719856+05:30,119.4,,4061475
2025-09-04 13:45:46.409035+05:30,119.2,,4061475
2025-09-04 13:45:47.210085+05:30,119.6,,4061475
2025-09-04 13:45:47.652904+05:30,119.35,,4061475
2025-09-04 13:45:48.157551+05:30,119.0,,4061475
2025-09-04 13:45:48.408742+05:30,119.0,,4061475
2025-09-04 13:45:48.940106+05:30,119.35,,4061475
2025-09-04 13:45:49.408815+05:30,119.75,,4061475
2025-09-04 13:45:49.668109+05:30,119.5,,4061475
2025-09-04 13:45:50.403112+05:30,119.5,,4061475
2025-09-04 13:45:51.186014+05:30,117.8,,4061475
2025-09-04 13:45:51.433815+05:30,118.45,,4061475
2025-09-04 13:45:52.158873+05:30,118.25,,4061475
2025-09-04 13:45:52.477265+05:30,118.25,,4061475
2025-09-04 13:45:53.159092+05:30,117.9,,4061475
2025-09-04 13:45:53.464879+05:30,118.25,,4061475
2025-09-04 13:45:53.945606+05:30,118.3,,4061475
2025-09-04 13:45:54.158803+05:30,118.35,,4061475
2025-09-04 13:45:54.408055+05:30,118.5,,4061475
2025-09-04 13:45:54.657532+05:30,118.1,,4061475
2025-09-04 13:45:55.158842+05:30,118.05,,4061475
2025-09-04 13:45:55.692242+05:30,117.85,,4061475
2025-09-04 13:45:56.408690+05:30,118.25,,4061475
2025-09-04 13:45:57.237595+05:30,118.3,,4061475
2025-09-04 13:45:57.409728+05:30,118.15,,4061475
2025-09-04 13:45:58.157819+05:30,117.8,,4061475
2025-09-04 13:45:58.425818+05:30,118.2,,4061475
2025-09-04 13:45:58.965527+05:30,118.45,,4061475
2025-09-04 13:45:59.457035+05:30,118.25,,4061475
2025-09-04 13:45:59.703138+05:30,118.3,,4061475
2025-09-04 13:46:00.454027+05:30,118.65,,4061475
2025-09-04 13:46:00.907551+05:30,118.65,,4061475
2025-09-04 13:46:01.208764+05:30,118.65,,4061475
2025-09-04 13:46:01.416814+05:30,118.45,,4061475
2025-09-04 13:46:02.295908+05:30,118.95,,4061475
2025-09-04 13:46:02.411607+05:30,118.7,,4061475
2025-09-04 13:46:03.277964+05:30,119.25,,4061475
2025-09-04 13:46:03.403041+05:30,119.25,,4061475
2025-09-04 13:46:03.907793+05:30,119.65,,4061475
2025-09-04 13:46:04.157830+05:30,119.5,,4061475
2025-09-04 13:46:04.408349+05:30,119.75,,4061475
2025-09-04 13:46:04.707317+05:30,119.9,,4061475
2025-09-04 13:46:05.526147+05:30,119.9,,4061475
2025-09-04 13:46:06.205182+05:30,120.0,,4061475
2025-09-04 13:46:06.408986+05:30,120.0,,4061475
2025-09-04 13:46:07.192847+05:30,120.05,,4061475
2025-09-04 13:46:07.453735+05:30,120.15,,4061475
2025-09-04 13:46:08.158971+05:30,119.6,,4061475
2025-09-04 13:46:08.725802+05:30,119.85,,4061475
2025-09-04 13:46:08.907296+05:30,119.75,,4061475
2025-09-04 13:46:09.458935+05:30,119.25,,3929175
2025-09-04 13:46:10.424591+05:30,118.95,,3929175
2025-09-04 13:46:11.408760+05:30,119.55,,3929175
2025-09-04 13:46:12.197713+05:30,118.95,,3929175
2025-09-04 13:46:12.683544+05:30,118.9,,3929175
2025-09-04 13:46:12.907049+05:30,118.8,,3929175
2025-09-04 13:46:13.224243+05:30,119.2,,3929175
2025-09-04 13:46:13.402358+05:30,120.4,,3929175
2025-09-04 13:46:13.902543+05:30,120.05,,3929175
2025-09-04 13:46:14.233575+05:30,120.1,,3929175
2025-09-04 13:46:14.426605+05:30,120.2,,3929175
2025-09-04 13:46:14.662738+05:30,120.05,,3929175
2025-09-04 13:46:15.158382+05:30,119.65,,3929175
2025-09-04 13:46:15.454694+05:30,119.85,,3929175
2025-09-04 13:46:16.408989+05:30,119.55,,3929175
2025-09-04 13:46:17.196711+05:30,120.65,,3929175
2025-09-04 13:46:17.408479+05:30,120.2,,3929175
2025-09-04 13:46:17.907158+05:30,120.8,,3929175
2025-09-04 13:46:18.409238+05:30,120.6,,3929175
2025-09-04 13:46:18.907084+05:30,120.85,,3929175
2025-09-04 13:46:19.216705+05:30,120.7,,3929175
2025-09-04 13:46:19.657089+05:30,120.35,,3929175
2025-09-04 13:46:20.157125+05:30,120.65,,3929175
2025-09-04 13:46:20.408745+05:30,120.75,,3929175
2025-09-04 13:46:21.407875+05:30,120.5,,3929175
2025-09-04 13:46:22.158690+05:30,120.35,,3929175
2025-09-04 13:46:22.409155+05:30,120.5,,3929175
2025-09-04 13:46:22.913782+05:30,120.65,,3929175
2025-09-04 13:46:23.407165+05:30,120.35,,3929175
2025-09-04 13:46:23.907284+05:30,120.55,,3929175
2025-09-04 13:46:24.158373+05:30,120.05,,3929175
2025-09-04 13:46:24.407038+05:30,120.55,,3929175
2025-09-04 13:46:24.658376+05:30,120.15,,3929175
2025-09-04 13:46:25.419465+05:30,120.65,,3929175
2025-09-04 13:46:26.201648+05:30,120.45,,3929175
2025-09-04 13:46:26.402823+05:30,120.6,,3929175
2025-09-04 13:46:27.284154+05:30,120.5,,3929175
2025-09-04 13:46:27.495661+05:30,120.3,,3929175
2025-09-04 13:46:27.906847+05:30,120.2,,3929175
2025-09-04 13:46:28.401991+05:30,120.3,,3929175
2025-09-04 13:46:28.907284+05:30,120.7,,3929175
2025-09-04 13:46:29.159076+05:30,120.45,,3929175
2025-09-04 13:46:29.429702+05:30,119.95,,3929175
2025-09-04 13:46:29.657094+05:30,120.15,,3929175
2025-09-04 13:46:30.164082+05:30,120.05,,3929175
2025-09-04 13:46:30.404012+05:30,120.2,,3929175
2025-09-04 13:46:31.220768+05:30,120.65,,3929175
2025-09-04 13:46:31.407025+05:30,120.65,,3929175
2025-09-04 13:46:32.180427+05:30,120.25,,3929175
2025-09-04 13:46:32.472357+05:30,119.5,,3929175
2025-09-04 13:46:32.907564+05:30,119.55,,3929175
2025-09-04 13:46:33.408507+05:30,119.15,,3929175
2025-09-04 13:46:33.669984+05:30,119.65,,3929175
2025-09-04 13:46:34.442234+05:30,119.65,,3929175
2025-09-04 13:46:34.651930+05:30,120.0,,3929175
2025-09-04 13:46:35.483067+05:30,119.85,,3929175
2025-09-04 13:46:36.437217+05:30,120.0,,3929175
2025-09-04 13:46:37.182428+05:30,120.85,,3929175
2025-09-04 13:46:37.435418+05:30,120.85,,3929175
2025-09-04 13:46:37.906892+05:30,121.0,,3929175
2025-09-04 13:46:38.158339+05:30,120.75,,3929175
2025-09-04 13:46:38.402165+05:30,120.75,,3929175
2025-09-04 13:46:38.687900+05:30,121.45,,3929175
2025-09-04 13:46:39.469714+05:30,121.15,,3929175
2025-09-04 13:46:39.656916+05:30,121.7,,3929175
2025-09-04 13:46:40.407188+05:30,121.7,,3929175
2025-09-04 13:46:41.158845+05:30,121.95,,3929175
2025-09-04 13:46:41.454508+05:30,121.7,,3929175
2025-09-04 13:46:42.217506+05:30,121.75,,3929175
2025-09-04 13:46:42.447295+05:30,121.45,,3929175
2025-09-04 13:46:42.911791+05:30,121.45,,3929175
2025-09-04 13:46:43.241176+05:30,121.4,,3929175
2025-09-04 13:46:43.476656+05:30,121.55,,3929175
2025-09-04 13:46:43.699786+05:30,121.3,,3929175
2025-09-04 13:46:44.537438+05:30,120.55,,3929175
2025-09-04 13:46:44.922159+05:30,120.5,,3929175
2025-09-04 13:46:45.526642+05:30,120.1,,3929175
2025-09-04 13:46:46.157958+05:30,120.95,,3929175
2025-09-04 13:46:46.473226+05:30,121.0,,3929175
2025-09-04 13:46:47.158651+05:30,120.5,,3929175
2025-09-04 13:46:47.451357+05:30,120.5,,3929175
2025-09-04 13:46:47.906695+05:30,120.75,,3929175
2025-09-04 13:46:48.186021+05:30,121.05,,3929175
2025-09-04 13:46:48.663691+05:30,121.2,,3929175
2025-09-04 13:46:49.442685+05:30,120.75,,3929175
2025-09-04 13:46:49.657039+05:30,120.95,,3929175
2025-09-04 13:46:50.442287+05:30,120.5,,3929175
2025-09-04 13:46:51.511513+05:30,120.85,,3929175
2025-09-04 13:46:52.157892+05:30,120.9,,3929175
2025-09-04 13:46:52.658531+05:30,120.75,,3929175
2025-09-04 13:46:52.906673+05:30,120.75,,3929175
2025-09-04 13:46:53.487694+05:30,120.8,,3929175
2025-09-04 13:46:53.700784+05:30,120.8,,3929175
2025-09-04 13:46:54.409037+05:30,120.55,,3929175
2025-09-04 13:46:55.444423+05:30,119.8,,3929175
2025-09-04 13:46:56.282670+05:30,119.95,,3929175
2025-09-04 13:46:56.657948+05:30,119.95,,3929175
2025-09-04 13:46:57.226880+05:30,119.95,,3929175
2025-09-04 13:46:57.406828+05:30,119.9,,3929175
2025-09-04 13:46:57.906916+05:30,119.95,,3929175
2025-09-04 13:46:58.158138+05:30,119.95,,3929175
2025-09-04 13:46:58.651933+05:30,120.2,,3929175
2025-09-04 13:46:59.450573+05:30,120.2,,3929175
2025-09-04 13:47:00.156845+05:30,120.4,,3929175
2025-09-04 13:47:00.407993+05:30,120.4,,3929175
2025-09-04 13:47:01.244181+05:30,119.95,,3929175
2025-09-04 13:47:01.408056+05:30,120.8,,3929175
2025-09-04 13:47:01.906780+05:30,120.5,,3929175
2025-09-04 13:47:02.213458+05:30,120.3,,3929175
2025-09-04 13:47:02.406903+05:30,120.05,,3929175
2025-09-04 13:47:02.653163+05:30,120.05,,3929175
2025-09-04 13:47:03.193608+05:30,120.25,,3929175
2025-09-04 13:47:03.410706+05:30,120.25,,3929175
2025-09-04 13:47:04.246947+05:30,120.65,,3929175
2025-09-04 13:47:04.479339+05:30,120.6,,3929175
2025-09-04 13:47:05.179969+05:30,121.65,,3929175
2025-09-04 13:47:05.406920+05:30,121.4,,3929175
2025-09-04 13:47:06.247204+05:30,121.7,,3929175
2025-09-04 13:47:06.436720+05:30,121.35,,3929175
2025-09-04 13:47:06.656845+05:30,121.15,,3929175
2025-09-04 13:47:07.417328+05:30,121.15,,3929175
2025-09-04 13:47:07.713582+05:30,121.35,,3929175
2025-09-04 13:47:08.448043+05:30,120.65,,3929175
2025-09-04 13:47:09.157336+05:30,120.9,,3929175
2025-09-04 13:47:09.467714+05:30,121.0,,3929175
2025-09-04 13:47:10.207227+05:30,120.75,,3929175
2025-09-04 13:47:10.408247+05:30,121.05,,3929175
2025-09-04 13:47:10.906564+05:30,120.2,,3929175
2025-09-04 13:47:11.478239+05:30,120.5,,3929175
2025-09-04 13:47:11.656583+05:30,120.85,,3929175
2025-09-04 13:47:12.407952+05:30,120.4,,3929175
2025-09-04 13:47:13.229642+05:30,120.55,,3929175
2025-09-04 13:47:13.409603+05:30,120.3,,3929175
2025-09-04 13:47:14.183811+05:30,120.35,,3929175
2025-09-04 13:47:14.428274+05:30,120.5,,3929175
2025-09-04 13:47:14.907294+05:30,120.7,,3929175
2025-09-04 13:47:15.210181+05:30,121.15,,3929175
2025-09-04 13:47:15.449269+05:30,121.0,,3929175
2025-09-04 13:47:16.200035+05:30,120.85,,3929175
2025-09-04 13:47:16.408116+05:30,121.55,,3929175
2025-09-04 13:47:16.651381+05:30,122.4,,3929175
2025-09-04 13:47:17.480301+05:30,122.25,,3929175
2025-09-04 13:47:18.228857+05:30,122.55,,3929175
2025-09-04 13:47:18.403417+05:30,122.8,,3929175
2025-09-04 13:47:19.410958+05:30,123.15,,3929175
2025-09-04 13:47:20.205064+05:30,123.35,,3929175
2025-09-04 13:47:20.402961+05:30,123.5,,3929175
2025-09-04 13:47:21.201690+05:30,123.4,,3929175
2025-09-04 13:47:21.415306+05:30,123.3,,3929175
2025-09-04 13:47:21.906787+05:30,123.4,,3929175
2025-09-04 13:47:22.156989+05:30,123.2,,3929175
2025-09-04 13:47:22.429837+05:30,122.7,,3929175
2025-09-04 13:47:23.401873+05:30,122.85,,3929175
2025-09-04 13:47:24.156559+05:30,122.95,,3929175
2025-09-04 13:47:24.438687+05:30,123.0,,3929175
2025-09-04 13:47:25.213532+05:30,123.25,,3929175
2025-09-04 13:47:25.509867+05:30,123.0,,3929175
2025-09-04 13:47:26.198150+05:30,122.05,,3929175
2025-09-04 13:47:26.698508+05:30,122.0,,3929175
2025-09-04 13:47:26.906629+05:30,122.2,,3929175
2025-09-04 13:47:27.194068+05:30,122.4,,3929175
2025-09-04 13:47:27.677933+05:30,122.6,,3929175
2025-09-04 13:47:28.205250+05:30,122.9,,3929175
2025-09-04 13:47:28.467700+05:30,122.5,,3929175
2025-09-04 13:47:29.407833+05:30,122.25,,3929175
2025-09-04 13:47:30.185047+05:30,122.2,,3929175
2025-09-04 13:47:30.451105+05:30,121.8,,3929175
2025-09-04 13:47:30.651560+05:30,121.75,,3929175
2025-09-04 13:47:31.407740+05:30,121.6,,3929175
2025-09-04 13:47:31.651376+05:30,122.05,,3929175
2025-09-04 13:47:32.213552+05:30,121.8,,3929175
2025-09-04 13:47:32.409066+05:30,122.0,,3929175
2025-09-04 13:47:33.161808+05:30,122.0,,3929175
2025-09-04 13:47:33.401344+05:30,122.45,,3929175
2025-09-04 13:47:34.407515+05:30,126.15,,3929175
2025-09-04 13:47:34.705950+05:30,125.7,,3929175
2025-09-04 13:47:35.181883+05:30,125.6,,3929175
2025-09-04 13:47:35.409831+05:30,125.95,,3929175
2025-09-04 13:47:35.934933+05:30,125.4,,3929175
2025-09-04 13:47:36.408051+05:30,125.1,,3929175
2025-09-04 13:47:37.158381+05:30,125.5,,3929175
2025-09-04 13:47:37.488251+05:30,125.7,,3929175
2025-09-04 13:47:38.407743+05:30,125.65,,3929175
2025-09-04 13:47:39.240213+05:30,125.3,,3929175
2025-09-04 13:47:39.407388+05:30,125.45,,3929175
2025-09-04 13:47:39.927753+05:30,124.9,,3929175
2025-09-04 13:47:40.407773+05:30,125.2,,3929175
2025-09-04 13:47:40.922370+05:30,125.1,,3929175
2025-09-04 13:47:41.200785+05:30,125.35,,3929175
2025-09-04 13:47:41.507576+05:30,125.0,,3929175
2025-09-04 13:47:42.473625+05:30,125.45,,3929175
2025-09-04 13:47:42.656528+05:30,125.55,,3929175
2025-09-04 13:47:43.297518+05:30,125.0,,3929175
2025-09-04 13:47:43.559094+05:30,124.95,,3929175
2025-09-04 13:47:44.282113+05:30,125.5,,3929175
2025-09-04 13:47:44.407389+05:30,126.05,,3929175
2025-09-04 13:47:44.906867+05:30,126.65,,3929175
2025-09-04 13:47:45.178560+05:30,125.55,,3929175
2025-09-04 13:47:45.406356+05:30,125.6,,3929175
2025-09-04 13:47:46.158034+05:30,126.5,,3929175
2025-09-04 13:47:46.447109+05:30,126.35,,3929175
2025-09-04 13:47:47.499169+05:30,125.55,,3929175
2025-09-04 13:47:48.193739+05:30,125.0,,3929175
2025-09-04 13:47:48.402252+05:30,124.8,,3929175
2025-09-04 13:47:49.305739+05:30,124.8,,3929175
2025-09-04 13:47:49.402568+05:30,124.8,,3929175
2025-09-04 13:47:49.657735+05:30,124.35,,3929175
2025-09-04 13:47:50.180505+05:30,124.1,,3929175
2025-09-04 13:47:50.476476+05:30,123.8,,3929175
2025-09-04 13:47:51.175416+05:30,123.8,,3929175
2025-09-04 13:47:51.432976+05:30,123.5,,3929175
2025-09-04 13:47:52.157481+05:30,123.5,,3929175
2025-09-04 13:47:52.407545+05:30,123.5,,3929175
2025-09-04 13:47:52.906179+05:30,123.6,,3929175
2025-09-04 13:47:53.486801+05:30,124.2,,3929175
2025-09-04 13:47:53.923078+05:30,124.1,,3929175
2025-09-04 13:47:54.450534+05:30,123.35,,3929175
2025-09-04 13:47:54.668834+05:30,123.35,,3929175
2025-09-04 13:47:55.510781+05:30,123.4,,3929175
2025-09-04 13:47:55.651959+05:30,123.5,,3929175
2025-09-04 13:47:56.433115+05:30,123.9,,3929175
2025-09-04 13:47:57.536763+05:30,124.35,,3929175
2025-09-04 13:47:57.949557+05:30,124.05,,3929175
2025-09-04 13:47:58.484313+05:30,123.8,,3929175
2025-09-04 13:47:58.939967+05:30,123.75,,3929175
2025-09-04 13:47:59.407873+05:30,123.8,,3929175
2025-09-04 13:47:59.656198+05:30,123.75,,3929175
2025-09-04 13:48:00.227993+05:30,123.7,,3929175
2025-09-04 13:48:00.532475+05:30,123.35,,3929175
2025-09-04 13:48:00.748539+05:30,123.55,,3929175
2025-09-04 13:48:01.211684+05:30,123.75,,3929175
2025-09-04 13:48:01.507304+05:30,124.1,,3929175
2025-09-04 13:48:02.407651+05:30,123.4,,3929175
2025-09-04 13:48:02.906154+05:30,123.45,,3929175
2025-09-04 13:48:03.408119+05:30,123.7,,3929175
2025-09-04 13:48:03.917737+05:30,124.0,,3929175
2025-09-04 13:48:04.550273+05:30,123.65,,3929175
2025-09-04 13:48:04.733276+05:30,123.8,,3929175
2025-09-04 13:48:05.157986+05:30,123.9,,3929175
2025-09-04 13:48:05.476870+05:30,124.05,,3929175
2025-09-04 13:48:06.193195+05:30,124.0,,3929175
2025-09-04 13:48:06.497126+05:30,123.75,,3929175
2025-09-04 13:48:07.406188+05:30,123.75,,3929175
2025-09-04 13:48:07.905962+05:30,124.2,,3929175
2025-09-04 13:48:08.402990+05:30,123.9,,3929175
2025-09-04 13:48:08.914721+05:30,124.1,,3929175
2025-09-04 13:48:09.402012+05:30,123.85,,3929175
2025-09-04 13:48:09.679929+05:30,124.0,,3929175
2025-09-04 13:48:10.157908+05:30,124.55,,3929175
2025-09-04 13:48:10.726118+05:30,124.2,,3929175
2025-09-04 13:48:11.464384+05:30,124.65,,3929175
2025-09-04 13:48:12.431415+05:30,124.2,,3929175
2025-09-04 13:48:12.656150+05:30,124.2,,3929175
2025-09-04 13:48:12.906620+05:30,124.45,,3929175
2025-09-04 13:48:13.407849+05:30,125.75,,3929175
2025-09-04 13:48:13.906237+05:30,125.15,,3929175
2025-09-04 13:48:14.194729+05:30,125.2,,3929175
2025-09-04 13:48:14.473970+05:30,125.2,,3929175
2025-09-04 13:48:14.656132+05:30,125.2,,3929175
2025-09-04 13:48:15.414001+05:30,125.45,,3929175
2025-09-04 13:48:16.158029+05:30,126.6,,3929175
2025-09-04 13:48:16.406139+05:30,126.7,,3929175
2025-09-04 13:48:17.157598+05:30,126.4,,3929175
2025-09-04 13:48:17.419276+05:30,125.8,,3929175
2025-09-04 13:48:17.905979+05:30,126.3,,3929175
2025-09-04 13:48:18.150979+05:30,127.3,,3929175
2025-09-04 13:48:18.407610+05:30,126.8,,3929175
2025-09-04 13:48:18.970542+05:30,126.7,,3929175
2025-09-04 13:48:19.482853+05:30,127.4,,3929175
2025-09-04 13:48:19.685263+05:30,127.75,,3929175
2025-09-04 13:48:20.433010+05:30,127.55,,3929175
2025-09-04 13:48:20.656252+05:30,127.65,,3929175
2025-09-04 13:48:21.156601+05:30,127.9,,3929175
2025-09-04 13:48:21.733190+05:30,128.1,,3929175
2025-09-04 13:48:22.412670+05:30,127.4,,3929175
2025-09-04 13:48:22.906417+05:30,127.4,,3929175
2025-09-04 13:48:23.407213+05:30,127.75,,3929175
2025-09-04 13:48:23.971170+05:30,127.95,,3929175
2025-09-04 13:48:24.407075+05:30,128.0,,3929175
2025-09-04 13:48:24.656144+05:30,128.0,,3929175
2025-09-04 13:48:25.511469+05:30,127.45,,3929175
2025-09-04 13:48:25.700357+05:30,127.25,,3929175
2025-09-04 13:48:26.157534+05:30,127.15,,3929175
2025-09-04 13:48:26.402947+05:30,127.4,,3929175
2025-09-04 13:48:27.212631+05:30,126.75,,3929175
2025-09-04 13:48:27.406011+05:30,126.9,,3929175
2025-09-04 13:48:27.905746+05:30,126.85,,3929175
2025-09-04 13:48:28.598485+05:30,126.6,,3929175
2025-09-04 13:48:28.944072+05:30,126.7,,3929175
2025-09-04 13:48:29.401283+05:30,126.05,,3929175
2025-09-04 13:48:29.781567+05:30,126.0,,3929175
2025-09-04 13:48:30.407819+05:30,125.95,,3929175
2025-09-04 13:48:30.661262+05:30,126.2,,3929175
2025-09-04 13:48:31.407023+05:30,126.3,,3929175
2025-09-04 13:48:32.505135+05:30,126.1,,3929175
2025-09-04 13:48:32.906040+05:30,125.8,,3929175
2025-09-04 13:48:33.233610+05:30,125.85,,3929175
2025-09-04 13:48:33.440302+05:30,125.65,,3929175
2025-09-04 13:48:33.906502+05:30,125.7,,3929175
2025-09-04 13:48:34.227245+05:30,126.45,,3929175
2025-09-04 13:48:34.423907+05:30,126.8,,3929175
2025-09-04 13:48:34.655814+05:30,125.7,,3929175
2025-09-04 13:48:35.217784+05:30,125.95,,3929175
2025-09-04 13:48:35.438737+05:30,126.1,,3929175
2025-09-04 13:48:35.655864+05:30,126.2,,3929175
2025-09-04 13:48:36.407220+05:30,126.4,,3929175
2025-09-04 13:48:37.425174+05:30,126.3,,3929175
2025-09-04 13:48:37.655890+05:30,126.05,,3929175
2025-09-04 13:48:37.926151+05:30,126.15,,3929175
2025-09-04 13:48:38.157178+05:30,126.6,,3929175
2025-09-04 13:48:38.411405+05:30,127.25,,3929175
2025-09-04 13:48:38.905825+05:30,127.4,,3929175
2025-09-04 13:48:39.156907+05:30,127.85,,3929175
2025-09-04 13:48:39.402133+05:30,127.6,,3929175
2025-09-04 13:48:39.651322+05:30,127.45,,3929175
2025-09-04 13:48:40.415368+05:30,127.4,,3929175
2025-09-04 13:48:40.731377+05:30,127.15,,3929175
2025-09-04 13:48:41.185441+05:30,127.6,,3929175
2025-09-04 13:48:41.407139+05:30,127.15,,3929175
2025-09-04 13:48:42.405825+05:30,127.15,,3929175
2025-09-04 13:48:42.941632+05:30,127.5,,3929175
2025-09-04 13:48:43.469515+05:30,127.0,,3929175
2025-09-04 13:48:43.965267+05:30,127.4,,3929175
2025-09-04 13:48:44.465606+05:30,127.2,,3929175
2025-09-04 13:48:44.656935+05:30,127.1,,3929175
2025-09-04 13:48:45.201707+05:30,127.0,,3929175
2025-09-04 13:48:45.407630+05:30,127.1,,3929175
2025-09-04 13:48:45.655858+05:30,126.75,,3929175
2025-09-04 13:48:46.157168+05:30,127.9,,3929175
2025-09-04 13:48:46.519263+05:30,128.55,,3929175
2025-09-04 13:48:47.406984+05:30,128.65,,3929175
2025-09-04 13:48:47.905782+05:30,128.6,,3929175
2025-09-04 13:48:48.478729+05:30,128.1,,3929175
2025-09-04 13:48:48.939629+05:30,128.5,,3929175
2025-09-04 13:48:49.434283+05:30,129.25,,3929175
2025-09-04 13:48:49.655786+05:30,129.2,,3929175
2025-09-04 13:48:50.177966+05:30,130.65,,3929175
2025-09-04 13:48:50.498656+05:30,130.4,,3929175
2025-09-04 13:48:50.710014+05:30,130.05,,3929175
2025-09-04 13:48:51.156892+05:30,130.45,,3929175
2025-09-04 13:48:51.469325+05:30,130.4,,3929175
2025-09-04 13:48:52.400664+05:30,130.4,,3929175
2025-09-04 13:48:52.905562+05:30,130.15,,3929175
2025-09-04 13:48:53.437580+05:30,130.55,,3929175
2025-09-04 13:48:53.657515+05:30,131.3,,3929175
2025-09-04 13:48:53.958108+05:30,131.25,,3929175
2025-09-04 13:48:54.445178+05:30,131.35,,3929175
2025-09-04 13:48:55.187505+05:30,131.3,,3929175
2025-09-04 13:48:55.450574+05:30,131.5,,3929175
2025-09-04 13:48:56.406817+05:30,130.55,,3929175
2025-09-04 13:48:56.672838+05:30,130.7,,3929175
2025-09-04 13:48:57.401933+05:30,130.65,,3929175
2025-09-04 13:48:57.905654+05:30,130.65,,3929175
2025-09-04 13:48:58.407105+05:30,131.2,,3929175
2025-09-04 13:48:58.655591+05:30,131.2,,3929175
2025-09-04 13:48:58.942971+05:30,130.75,,3929175
2025-09-04 13:48:59.175966+05:30,130.9,,3929175
2025-09-04 13:48:59.407030+05:30,130.7,,3929175
2025-09-04 13:49:00.418102+05:30,131.4,,3929175
2025-09-04 13:49:01.493053+05:30,131.45,,3929175
2025-09-04 13:49:02.425085+05:30,131.65,,3929175
2025-09-04 13:49:02.922792+05:30,130.85,,3929175
2025-09-04 13:49:03.411926+05:30,130.5,,3929175
2025-09-04 13:49:03.656066+05:30,130.9,,3929175
2025-09-04 13:49:03.906026+05:30,131.05,,3929175
2025-09-04 13:49:04.164249+05:30,130.95,,3929175
2025-09-04 13:49:04.477548+05:30,131.35,,3929175
2025-09-04 13:49:05.406965+05:30,131.25,,3929175
2025-09-04 13:49:06.153149+05:30,131.45,,3929175
2025-09-04 13:49:06.406971+05:30,131.2,,3929175
2025-09-04 13:49:07.407094+05:30,130.7,,3929175
2025-09-04 13:49:07.905403+05:30,129.35,,3929175
2025-09-04 13:49:08.177022+05:30,129.6,,3929175
2025-09-04 13:49:08.787923+05:30,129.7,,3929175
2025-09-04 13:49:08.900980+05:30,129.15,,3929175
2025-09-04 13:49:09.179013+05:30,128.9,,3929175
2025-09-04 13:49:09.655494+05:30,129.0,,3929175
2025-09-04 13:49:10.411051+05:30,130.0,,3828900
2025-09-04 13:49:11.435636+05:30,130.75,,3828900
2025-09-04 13:49:12.459905+05:30,130.55,,3828900
2025-09-04 13:49:12.663672+05:30,130.55,,3828900
2025-09-04 13:49:12.905630+05:30,130.3,,3828900
2025-09-04 13:49:13.406737+05:30,130.55,,3828900
2025-09-04 13:49:13.906426+05:30,130.35,,3828900
2025-09-04 13:49:14.157039+05:30,130.4,,3828900
2025-09-04 13:49:14.454210+05:30,130.7,,3828900
2025-09-04 13:49:15.427658+05:30,131.1,,3828900
2025-09-04 13:49:15.665236+05:30,131.0,,3828900
2025-09-04 13:49:16.407049+05:30,128.35,,3828900
2025-09-04 13:49:17.213403+05:30,128.15,,3828900
2025-09-04 13:49:17.406987+05:30,127.9,,3828900
2025-09-04 13:49:17.947953+05:30,128.05,,3828900
2025-09-04 13:49:18.151050+05:30,128.3,,3828900
2025-09-04 13:49:18.406658+05:30,128.1,,3828900
2025-09-04 13:49:18.905393+05:30,128.25,,3828900
2025-09-04 13:49:19.455006+05:30,128.1,,3828900
2025-09-04 13:49:20.157472+05:30,127.75,,3828900
2025-09-04 13:49:20.400465+05:30,127.9,,3828900
2025-09-04 13:49:21.492295+05:30,127.9,,3828900
2025-09-04 13:49:21.656939+05:30,127.8,,3828900
2025-09-04 13:49:22.516947+05:30,127.1,,3828900
2025-09-04 13:49:23.156695+05:30,126.7,,3828900
2025-09-04 13:49:23.406864+05:30,126.5,,3828900
2025-09-04 13:49:24.156866+05:30,126.7,,3828900
2025-09-04 13:49:24.401115+05:30,127.45,,3828900
2025-09-04 13:49:25.176168+05:30,128.2,,3828900
2025-09-04 13:49:25.468199+05:30,128.55,,3828900
2025-09-04 13:49:26.168626+05:30,128.25,,3828900
2025-09-04 13:49:26.401184+05:30,128.5,,3828900
2025-09-04 13:49:27.430006+05:30,128.8,,3828900
2025-09-04 13:49:28.167868+05:30,128.4,,3828900
2025-09-04 13:49:28.453673+05:30,128.4,,3828900
2025-09-04 13:49:29.156715+05:30,128.6,,3828900
2025-09-04 13:49:29.456072+05:30,128.65,,3828900
2025-09-04 13:49:30.170720+05:30,128.45,,3828900
2025-09-04 13:49:30.521332+05:30,128.95,,3828900
2025-09-04 13:49:30.650709+05:30,128.95,,3828900
2025-09-04 13:49:31.400268+05:30,128.6,,3828900
2025-09-04 13:49:32.195320+05:30,129.05,,3828900
2025-09-04 13:49:32.732623+05:30,129.1,,3828900
2025-09-04 13:49:33.156576+05:30,129.25,,3828900
2025-09-04 13:49:33.436778+05:30,129.35,,3828900
2025-09-04 13:49:34.201554+05:30,129.5,,3828900
2025-09-04 13:49:34.493520+05:30,129.6,,3828900
2025-09-04 13:49:35.459591+05:30,129.75,,3828900
2025-09-04 13:49:36.405295+05:30,130.25,,3828900
2025-09-04 13:49:37.157733+05:30,130.2,,3828900
2025-09-04 13:49:37.704638+05:30,130.55,,3828900
2025-09-04 13:49:38.248728+05:30,130.95,,3828900
2025-09-04 13:49:38.493093+05:30,130.55,,3828900
2025-09-04 13:49:39.156621+05:30,130.3,,3828900
2025-09-04 13:49:39.407169+05:30,130.5,,3828900
2025-09-04 13:49:39.655233+05:30,130.4,,3828900
2025-09-04 13:49:40.408386+05:30,129.85,,3828900
2025-09-04 13:49:40.655236+05:30,129.85,,3828900
2025-09-04 13:49:41.214060+05:30,129.3,,3828900
2025-09-04 13:49:41.650084+05:30,129.75,,3828900
2025-09-04 13:49:42.216472+05:30,128.7,,3828900
2025-09-04 13:49:42.676766+05:30,128.9,,3828900
2025-09-04 13:49:43.156152+05:30,127.5,,3828900
2025-09-04 13:49:43.532147+05:30,127.45,,3828900
2025-09-04 13:49:44.157099+05:30,127.95,,3828900
2025-09-04 13:49:44.440307+05:30,127.55,,3828900
2025-09-04 13:49:45.424721+05:30,127.55,,3828900
2025-09-04 13:49:45.701718+05:30,127.2,,3828900
2025-09-04 13:49:46.157043+05:30,127.1,,3828900
2025-09-04 13:49:46.455278+05:30,127.0,,3828900
2025-09-04 13:49:47.228044+05:30,127.2,,3828900
2025-09-04 13:49:47.451558+05:30,127.55,,3828900
2025-09-04 13:49:48.156639+05:30,127.1,,3828900
2025-09-04 13:49:48.439142+05:30,127.45,,3828900
2025-09-04 13:49:49.156827+05:30,127.35,,3828900
2025-09-04 13:49:49.478335+05:30,127.35,,3828900
2025-09-04 13:49:50.156406+05:30,127.65,,3828900
2025-09-04 13:49:50.458909+05:30,127.35,,3828900
2025-09-04 13:49:51.401196+05:30,127.7,,3828900
2025-09-04 13:49:52.440753+05:30,127.35,,3828900
2025-09-04 13:49:53.190511+05:30,128.05,,3828900
2025-09-04 13:49:53.477469+05:30,128.2,,3828900
2025-09-04 13:49:53.906578+05:30,128.1,,3828900
2025-09-04 13:49:54.207348+05:30,128.4,,3828900
2025-09-04 13:49:54.406814+05:30,128.15,,3828900
2025-09-04 13:49:54.651073+05:30,128.15,,3828900
2025-09-04 13:49:55.449913+05:30,128.35,,3828900
2025-09-04 13:49:55.655224+05:30,128.35,,3828900
2025-09-04 13:49:56.433874+05:30,128.3,,3828900
2025-09-04 13:49:57.213256+05:30,128.4,,3828900
2025-09-04 13:49:57.514055+05:30,128.55,,3828900
2025-09-04 13:49:58.157020+05:30,127.85,,3828900
2025-09-04 13:49:58.406048+05:30,127.5,,3828900
2025-09-04 13:49:58.910704+05:30,126.3,,3828900
2025-09-04 13:49:59.205363+05:30,127.25,,3828900
2025-09-04 13:49:59.475863+05:30,127.2,,3828900
2025-09-04 13:50:00.188753+05:30,127.3,,3828900
2025-09-04 13:50:00.677738+05:30,127.4,,3828900
2025-09-04 13:50:01.176517+05:30,127.3,,3828900
2025-09-04 13:50:01.401213+05:30,127.3,,3828900
2025-09-04 13:50:02.151009+05:30,127.15,,3828900
2025-09-04 13:50:02.433860+05:30,126.9,,3828900
2025-09-04 13:50:03.233845+05:30,127.3,,3828900
2025-09-04 13:50:03.415741+05:30,127.05,,3828900
2025-09-04 13:50:03.904919+05:30,127.5,,3828900
2025-09-04 13:50:04.156688+05:30,126.85,,3828900
2025-09-04 13:50:04.445833+05:30,126.8,,3828900
2025-09-04 13:50:05.156853+05:30,127.15,,3828900
2025-09-04 13:50:05.489370+05:30,127.1,,3828900
2025-09-04 13:50:05.691838+05:30,127.1,,3828900
2025-09-04 13:50:06.176876+05:30,127.35,,3828900
2025-09-04 13:50:06.406640+05:30,127.05,,3828900
2025-09-04 13:50:07.449718+05:30,127.1,,3828900
2025-09-04 13:50:08.156894+05:30,126.65,,3828900
2025-09-04 13:50:08.406051+05:30,126.4,,3828900
2025-09-04 13:50:08.905348+05:30,127.1,,3828900
2025-09-04 13:50:09.169773+05:30,126.55,,3828900
2025-09-04 13:50:09.406248+05:30,126.7,,3828900
2025-09-04 13:50:09.704815+05:30,126.95,,3828900
2025-09-04 13:50:10.212638+05:30,127.05,,3828900
2025-09-04 13:50:10.425726+05:30,127.0,,3828900
2025-09-04 13:50:10.656665+05:30,126.75,,3828900
2025-09-04 13:50:11.225712+05:30,126.95,,3828900
2025-09-04 13:50:11.400364+05:30,127.05,,3828900
2025-09-04 13:50:12.437333+05:30,127.0,,3828900
2025-09-04 13:50:12.744263+05:30,126.85,,3828900
2025-09-04 13:50:12.905005+05:30,125.9,,3828900
2025-09-04 13:50:13.495150+05:30,125.95,,3828900
2025-09-04 13:50:13.699273+05:30,126.0,,3828900
2025-09-04 13:50:13.904857+05:30,125.9,,3828900
2025-09-04 13:50:14.199827+05:30,126.1,,3828900
2025-09-04 13:50:14.551512+05:30,126.2,,3828900
2025-09-04 13:50:14.656673+05:30,126.2,,3828900
2025-09-04 13:50:15.514941+05:30,125.5,,3828900
2025-09-04 13:50:16.208827+05:30,125.2,,3828900
2025-09-04 13:50:16.682260+05:30,125.1,,3828900
2025-09-04 13:50:17.470631+05:30,128.1,,3828900
2025-09-04 13:50:17.904998+05:30,127.65,,3828900
2025-09-04 13:50:18.241092+05:30,127.55,,3828900
2025-09-04 13:50:18.469679+05:30,127.35,,3828900
2025-09-04 13:50:18.900880+05:30,127.5,,3828900
2025-09-04 13:50:19.445813+05:30,128.45,,3828900
2025-09-04 13:50:19.654899+05:30,128.75,,3828900
2025-09-04 13:50:20.155020+05:30,128.95,,3828900
2025-09-04 13:50:20.407710+05:30,129.25,,3828900
2025-09-04 13:50:21.509422+05:30,129.55,,3828900
2025-09-04 13:50:22.406861+05:30,130.25,,3828900
2025-09-04 13:50:22.904780+05:30,129.75,,3828900
2025-09-04 13:50:23.156409+05:30,130.6,,3828900
2025-09-04 13:50:23.407133+05:30,130.55,,3828900
2025-09-04 13:50:23.904713+05:30,130.7,,3828900
2025-09-04 13:50:24.492710+05:30,131.0,,3828900
2025-09-04 13:50:24.712006+05:30,130.9,,3828900
2025-09-04 13:50:25.460953+05:30,132.0,,3828900
2025-09-04 13:50:26.405852+05:30,132.45,,3828900
2025-09-04 13:50:26.707781+05:30,132.4,,3828900
2025-09-04 13:50:27.217732+05:30,132.85,,3828900
2025-09-04 13:50:27.760657+05:30,133.2,,3828900
2025-09-04 13:50:27.899758+05:30,132.7,,3828900
2025-09-04 13:50:28.406049+05:30,133.5,,3828900
2025-09-04 13:50:28.927382+05:30,131.55,,3828900
2025-09-04 13:50:29.406074+05:30,132.05,,3828900
2025-09-04 13:50:29.649800+05:30,132.15,,3828900
2025-09-04 13:50:30.156081+05:30,131.6,,3828900
2025-09-04 13:50:30.746845+05:30,131.65,,3828900
2025-09-04 13:50:31.454575+05:30,131.8,,3828900
2025-09-04 13:50:31.655284+05:30,130.95,,3828900
2025-09-04 13:50:32.401073+05:30,130.95,,3828900
2025-09-04 13:50:32.651141+05:30,131.2,,3828900
2025-09-04 13:50:32.899744+05:30,130.75,,3828900
2025-09-04 13:50:33.504841+05:30,131.0,,3828900
2025-09-04 13:50:33.654753+05:30,130.95,,3828900
2025-09-04 13:50:33.904612+05:30,131.15,,3828900
2025-09-04 13:50:34.434708+05:30,131.25,,3828900
2025-09-04 13:50:34.666878+05:30,131.25,,3828900
2025-09-04 13:50:35.149544+05:30,131.35,,3828900
2025-09-04 13:50:35.405876+05:30,131.1,,3828900
2025-09-04 13:50:36.455542+05:30,131.05,,3828900
2025-09-04 13:50:36.699285+05:30,131.1,,3828900
2025-09-04 13:50:37.405877+05:30,131.15,,3828900
2025-09-04 13:50:37.650109+05:30,131.4,,3828900
2025-09-04 13:50:37.904595+05:30,130.95,,3828900
2025-09-04 13:50:38.403064+05:30,131.0,,3828900
2025-09-04 13:50:38.713183+05:30,131.15,,3828900
2025-09-04 13:50:38.904571+05:30,130.5,,3828900
2025-09-04 13:50:39.199492+05:30,130.0,,3828900
2025-09-04 13:50:39.693195+05:30,129.4,,3828900
2025-09-04 13:50:40.156537+05:30,129.4,,3828900
2025-09-04 13:50:40.456525+05:30,129.2,,3828900
2025-09-04 13:50:41.449238+05:30,129.25,,3828900
2025-09-04 13:50:41.699835+05:30,128.85,,3828900
2025-09-04 13:50:42.194646+05:30,128.5,,3828900
2025-09-04 13:50:42.687711+05:30,128.4,,3828900
2025-09-04 13:50:42.906100+05:30,128.4,,3828900
2025-09-04 13:50:43.405627+05:30,128.0,,3828900
2025-09-04 13:50:43.673761+05:30,127.8,,3828900
2025-09-04 13:50:43.899910+05:30,127.95,,3828900
2025-09-04 13:50:44.155887+05:30,127.8,,3828900
2025-09-04 13:50:44.649432+05:30,127.85,,3828900
2025-09-04 13:50:45.466736+05:30,127.8,,3828900
2025-09-04 13:50:46.155948+05:30,128.0,,3828900
2025-09-04 13:50:46.710594+05:30,128.1,,3828900
2025-09-04 13:50:47.156048+05:30,128.4,,3828900
2025-09-04 13:50:47.649424+05:30,128.15,,3828900
2025-09-04 13:50:47.904548+05:30,127.75,,3828900
2025-09-04 13:50:48.156590+05:30,127.25,,3828900
2025-09-04 13:50:48.654996+05:30,127.1,,3828900
2025-09-04 13:50:48.904471+05:30,126.65,,3828900
2025-09-04 13:50:49.190617+05:30,127.0,,3828900
2025-09-04 13:50:49.654609+05:30,126.7,,3828900
2025-09-04 13:50:50.448580+05:30,127.75,,3828900
2025-09-04 13:50:51.400285+05:30,127.2,,3828900
2025-09-04 13:50:51.654573+05:30,127.3,,3828900
2025-09-04 13:50:52.477765+05:30,127.45,,3828900
2025-09-04 13:50:52.695051+05:30,127.35,,3828900
2025-09-04 13:50:52.900213+05:30,127.5,,3828900
2025-09-04 13:50:53.406983+05:30,127.25,,3828900
2025-09-04 13:50:53.656062+05:30,127.2,,3828900
2025-09-04 13:50:53.904472+05:30,127.25,,3828900
2025-09-04 13:50:54.528241+05:30,126.55,,3828900
2025-09-04 13:50:54.700036+05:30,126.55,,3828900
2025-09-04 13:50:55.405381+05:30,127.15,,3828900
2025-09-04 13:50:56.155871+05:30,127.45,,3828900
2025-09-04 13:50:56.649678+05:30,127.2,,3828900
2025-09-04 13:50:57.466725+05:30,126.6,,3828900
2025-09-04 13:50:57.719600+05:30,126.6,,3828900
2025-09-04 13:50:57.910856+05:30,126.45,,3828900
2025-09-04 13:50:58.487285+05:30,126.8,,3828900
2025-09-04 13:50:58.649514+05:30,127.4,,3828900
2025-09-04 13:50:58.958608+05:30,127.25,,3828900
2025-09-04 13:50:59.470656+05:30,127.3,,3828900
2025-09-04 13:51:00.406060+05:30,126.75,,3828900
2025-09-04 13:51:01.402219+05:30,125.75,,3828900
2025-09-04 13:51:02.226044+05:30,126.65,,3828900
2025-09-04 13:51:02.493528+05:30,126.25,,3828900
2025-09-04 13:51:02.906912+05:30,126.2,,3828900
2025-09-04 13:51:03.443401+05:30,125.95,,3828900
2025-09-04 13:51:03.904668+05:30,125.85,,3828900
2025-09-04 13:51:04.399349+05:30,125.45,,3828900
2025-09-04 13:51:05.405496+05:30,125.45,,3828900
2025-09-04 13:51:06.194299+05:30,125.15,,3828900
2025-09-04 13:51:06.490910+05:30,124.9,,3828900
2025-09-04 13:51:07.482265+05:30,124.3,,3828900
2025-09-04 13:51:07.652098+05:30,124.35,,3828900
2025-09-04 13:51:07.905761+05:30,124.35,,3828900
2025-09-04 13:51:08.405630+05:30,123.95,,3828900
2025-09-04 13:51:08.926378+05:30,123.7,,3828900
2025-09-04 13:51:09.453862+05:30,124.7,,3828900
2025-09-04 13:51:09.654305+05:30,124.1,,3828900
2025-09-04 13:51:10.404466+05:30,123.95,,3828900
2025-09-04 13:51:10.649883+05:30,124.2,,3828900
2025-09-04 13:51:11.404590+05:30,124.55,,3828900
2025-09-04 13:51:12.455635+05:30,123.8,,3828900
2025-09-04 13:51:12.693109+05:30,123.75,,3828900
2025-09-04 13:51:12.904273+05:30,124.35,,3828900
2025-09-04 13:51:13.471011+05:30,124.15,,3828900
2025-09-04 13:51:13.699785+05:30,125.05,,3828900
2025-09-04 13:51:13.904350+05:30,125.35,,3828900
2025-09-04 13:51:14.485730+05:30,125.35,,3828900
2025-09-04 13:51:14.697328+05:30,125.35,,3828900
2025-09-04 13:51:15.440239+05:30,125.5,,3828900
2025-09-04 13:51:16.427534+05:30,125.25,,3828900
2025-09-04 13:51:16.654394+05:30,125.6,,3828900
2025-09-04 13:51:17.161842+05:30,125.2,,3828900
2025-09-04 13:51:17.654551+05:30,125.25,,3828900
2025-09-04 13:51:17.921409+05:30,125.35,,3828900
2025-09-04 13:51:18.488111+05:30,125.55,,3828900
2025-09-04 13:51:19.006850+05:30,125.55,,3828900
2025-09-04 13:51:19.504917+05:30,125.25,,3828900
2025-09-04 13:51:20.654253+05:30,124.25,,3828900
2025-09-04 13:51:21.417540+05:30,124.35,,3828900
2025-09-04 13:51:22.405580+05:30,124.0,,3828900
2025-09-04 13:51:22.904092+05:30,124.2,,3828900
2025-09-04 13:51:23.490995+05:30,124.05,,3828900
2025-09-04 13:51:23.939357+05:30,123.15,,3828900
2025-09-04 13:51:24.509402+05:30,122.8,,3828900
2025-09-04 13:51:24.686035+05:30,122.8,,3828900
2025-09-04 13:51:25.762084+05:30,122.85,,3828900
2025-09-04 13:51:26.406033+05:30,122.75,,3828900
2025-09-04 13:51:26.654411+05:30,123.1,,3828900
2025-09-04 13:51:27.204007+05:30,122.85,,3828900
2025-09-04 13:51:27.654255+05:30,122.85,,3828900
2025-09-04 13:51:27.901959+05:30,123.2,,3828900
2025-09-04 13:51:28.458391+05:30,122.9,,3828900
2025-09-04 13:51:28.655927+05:30,123.15,,3828900
2025-09-04 13:51:28.904079+05:30,123.65,,3828900
2025-09-04 13:51:29.497151+05:30,123.75,,3828900
2025-09-04 13:51:30.443122+05:30,124.2,,3828900
2025-09-04 13:51:30.737947+05:30,124.2,,3828900
2025-09-04 13:51:31.154938+05:30,124.4,,3828900
2025-09-04 13:51:31.444191+05:30,124.35,,3828900
2025-09-04 13:51:31.654478+05:30,124.25,,3828900
2025-09-04 13:51:32.411142+05:30,124.65,,3828900
2025-09-04 13:51:32.721272+05:30,124.6,,3828900
2025-09-04 13:51:33.195404+05:30,124.25,,3828900
2025-09-04 13:51:33.739827+05:30,124.45,,3828900
2025-09-04 13:51:33.926379+05:30,124.5,,3828900
2025-09-04 13:51:34.475181+05:30,124.7,,3828900
2025-09-04 13:51:34.759321+05:30,124.7,,3828900
2025-09-04 13:51:35.492631+05:30,124.9,,3828900
2025-09-04 13:51:35.671572+05:30,124.9,,3828900
2025-09-04 13:51:36.399679+05:30,124.8,,3828900
2025-09-04 13:51:37.451428+05:30,124.7,,3828900
2025-09-04 13:51:37.668739+05:30,124.95,,3828900
2025-09-04 13:51:38.203410+05:30,124.8,,3828900
2025-09-04 13:51:38.405988+05:30,125.4,,3828900
2025-09-04 13:51:38.654141+05:30,125.65,,3828900
2025-09-04 13:51:39.155426+05:30,125.55,,3828900
2025-09-04 13:51:39.445623+05:30,125.6,,3828900
2025-09-04 13:51:40.678282+05:30,125.55,,3828900
2025-09-04 13:51:41.654077+05:30,125.2,,3828900
2025-09-04 13:51:42.474358+05:30,125.05,,3828900
2025-09-04 13:51:42.665374+05:30,125.35,,3828900
2025-09-04 13:51:43.242342+05:30,124.35,,3828900
2025-09-04 13:51:43.405092+05:30,124.75,,3828900
2025-09-04 13:51:44.154250+05:30,124.25,,3828900
2025-09-04 13:51:44.474302+05:30,124.6,,3828900
2025-09-04 13:51:45.508795+05:30,125.1,,3828900
2025-09-04 13:51:46.421817+05:30,125.4,,3828900
2025-09-04 13:51:46.683171+05:30,125.65,,3828900
2025-09-04 13:51:47.405494+05:30,125.5,,3828900
2025-09-04 13:51:48.174827+05:30,125.0,,3828900
2025-09-04 13:51:48.470309+05:30,125.35,,3828900
2025-09-04 13:51:49.155612+05:30,125.5,,3828900
2025-09-04 13:51:49.472647+05:30,126.0,,3828900
2025-09-04 13:51:50.654328+05:30,125.75,,3828900
2025-09-04 13:51:51.730800+05:30,125.35,,3828900
2025-09-04 13:51:52.401142+05:30,124.75,,3828900
2025-09-04 13:51:53.172369+05:30,124.6,,3828900
2025-09-04 13:51:53.496779+05:30,124.55,,3828900
2025-09-04 13:51:54.155960+05:30,123.6,,3828900
2025-09-04 13:51:54.710744+05:30,122.5,,3828900
2025-09-04 13:51:55.465969+05:30,123.05,,3828900
2025-09-04 13:51:55.748206+05:30,123.05,,3828900
2025-09-04 13:51:56.487088+05:30,123.55,,3828900
2025-09-04 13:51:56.687467+05:30,123.65,,3828900
2025-09-04 13:51:57.412203+05:30,123.4,,3828900
2025-09-04 13:51:57.649961+05:30,123.4,,3828900
2025-09-04 13:51:58.176900+05:30,123.1,,3828900
2025-09-04 13:51:58.409776+05:30,123.6,,3828900
2025-09-04 13:51:58.654087+05:30,123.6,,3828900
2025-09-04 13:51:59.210309+05:30,123.45,,3828900
2025-09-04 13:51:59.461488+05:30,122.95,,3828900
2025-09-04 13:51:59.708351+05:30,123.0,,3828900
2025-09-04 13:52:00.405261+05:30,122.35,,3828900
2025-09-04 13:52:00.729842+05:30,122.35,,3828900
2025-09-04 13:52:01.404958+05:30,122.15,,3828900
2025-09-04 13:52:01.653811+05:30,122.15,,3828900
2025-09-04 13:52:02.405638+05:30,121.95,,3828900
2025-09-04 13:52:02.696906+05:30,121.75,,3828900
2025-09-04 13:52:03.167260+05:30,121.35,,3828900
2025-09-04 13:52:03.726083+05:30,121.7,,3828900
2025-09-04 13:52:04.155494+05:30,121.9,,3828900
2025-09-04 13:52:04.489438+05:30,121.3,,3828900
2025-09-04 13:52:04.653975+05:30,121.5,,3828900
2025-09-04 13:52:05.400102+05:30,120.65,,3828900
2025-09-04 13:52:05.702962+05:30,120.65,,3828900
2025-09-04 13:52:06.438168+05:30,120.15,,3828900
2025-09-04 13:52:07.429912+05:30,120.1,,3828900
2025-09-04 13:52:07.648991+05:30,120.75,,3828900
2025-09-04 13:52:08.162553+05:30,120.15,,3828900
2025-09-04 13:52:08.404813+05:30,119.8,,3828900
2025-09-04 13:52:09.297706+05:30,119.3,,3828900
2025-09-04 13:52:09.764111+05:30,118.6,,3828900
2025-09-04 13:52:10.399489+05:30,119.15,,3504225
2025-09-04 13:52:10.903649+05:30,118.9,,3504225
2025-09-04 13:52:11.417708+05:30,119.5,,3504225
2025-09-04 13:52:12.454251+05:30,119.8,,3504225
2025-09-04 13:52:12.703366+05:30,120.05,,3504225
2025-09-04 13:52:13.155415+05:30,119.9,,3504225
2025-09-04 13:52:13.454200+05:30,120.25,,3504225
2025-09-04 13:52:13.716044+05:30,120.3,,3504225
2025-09-04 13:52:14.155531+05:30,119.9,,3504225
2025-09-04 13:52:14.655618+05:30,120.5,,3504225
2025-09-04 13:52:15.675591+05:30,120.25,,3504225
2025-09-04 13:52:16.431524+05:30,119.5,,3504225
2025-09-04 13:52:16.653781+05:30,119.7,,3504225
2025-09-04 13:52:17.655030+05:30,120.1,,3504225
2025-09-04 13:52:18.173342+05:30,120.0,,3504225
2025-09-04 13:52:18.465285+05:30,119.7,,3504225
2025-09-04 13:52:19.193040+05:30,119.9,,3504225
2025-09-04 13:52:19.467296+05:30,120.4,,3504225
2025-09-04 13:52:19.649901+05:30,120.8,,3504225
2025-09-04 13:52:20.404753+05:30,120.6,,3504225
2025-09-04 13:52:20.721309+05:30,120.3,,3504225
2025-09-04 13:52:21.404832+05:30,118.9,,3504225
2025-09-04 13:52:21.654364+05:30,119.05,,3504225
2025-09-04 13:52:22.454879+05:30,118.1,,3504225
2025-09-04 13:52:22.655038+05:30,118.35,,3504225
2025-09-04 13:52:23.230778+05:30,117.6,,3504225
2025-09-04 13:52:23.469283+05:30,116.75,,3504225
2025-09-04 13:52:23.654948+05:30,116.8,,3504225
2025-09-04 13:52:24.155702+05:30,116.9,,3504225
2025-09-04 13:52:24.412093+05:30,117.5,,3504225
2025-09-04 13:52:24.758676+05:30,117.35,,3504225
2025-09-04 13:52:25.422588+05:30,117.95,,3504225
2025-09-04 13:52:26.486604+05:30,117.45,,3504225
2025-09-04 13:52:27.404603+05:30,117.95,,3504225
2025-09-04 13:52:27.713788+05:30,117.95,,3504225
2025-09-04 13:52:28.149942+05:30,117.95,,3504225
2025-09-04 13:52:28.450784+05:30,117.6,,3504225
2025-09-04 13:52:28.760089+05:30,117.65,,3504225
2025-09-04 13:52:29.155052+05:30,117.3,,3504225
2025-09-04 13:52:29.405924+05:30,117.8,,3504225
2025-09-04 13:52:29.676580+05:30,117.6,,3504225
2025-09-04 13:52:30.492406+05:30,118.6,,3504225
2025-09-04 13:52:30.651219+05:30,118.4,,3504225
2025-09-04 13:52:31.504706+05:30,118.4,,3504225
2025-09-04 13:52:31.654011+05:30,118.1,,3504225
2025-09-04 13:52:32.403565+05:30,117.4,,3504225
2025-09-04 13:52:32.677481+05:30,117.6,,3504225
2025-09-04 13:52:33.217556+05:30,116.9,,3504225
2025-09-04 13:52:33.741496+05:30,116.6,,3504225
2025-09-04 13:52:34.182474+05:30,116.85,,3504225
2025-09-04 13:52:34.464541+05:30,116.9,,3504225
2025-09-04 13:52:34.671252+05:30,117.85,,3504225
2025-09-04 13:52:35.404767+05:30,117.45,,3504225
2025-09-04 13:52:35.671439+05:30,117.7,,3504225
2025-09-04 13:52:36.449901+05:30,116.8,,3504225
2025-09-04 13:52:36.720307+05:30,116.7,,3504225
2025-09-04 13:52:37.407854+05:30,116.35,,3504225
2025-09-04 13:52:37.653872+05:30,116.9,,3504225
2025-09-04 13:52:38.149773+05:30,116.65,,3504225
2025-09-04 13:52:38.404726+05:30,116.8,,3504225
2025-09-04 13:52:39.178750+05:30,117.0,,3504225
2025-09-04 13:52:39.398665+05:30,117.25,,3504225
2025-09-04 13:52:39.747612+05:30,117.1,,3504225
2025-09-04 13:52:40.405172+05:30,117.8,,3504225
2025-09-04 13:52:40.695978+05:30,118.0,,3504225
2025-09-04 13:52:41.426311+05:30,117.65,,3504225
2025-09-04 13:52:41.648331+05:30,117.85,,3504225
2025-09-04 13:52:42.404994+05:30,117.7,,3504225
2025-09-04 13:52:42.743890+05:30,117.85,,3504225
2025-09-04 13:52:43.177943+05:30,117.65,,3504225
2025-09-04 13:52:43.398477+05:30,118.0,,3504225
2025-09-04 13:52:43.737011+05:30,118.05,,3504225
2025-09-04 13:52:44.178225+05:30,117.75,,3504225
2025-09-04 13:52:44.413057+05:30,117.85,,3504225
2025-09-04 13:52:44.650152+05:30,118.05,,3504225
2025-09-04 13:52:45.404496+05:30,118.55,,3504225
2025-09-04 13:52:45.729876+05:30,118.55,,3504225
2025-09-04 13:52:46.404788+05:30,118.0,,3504225
2025-09-04 13:52:46.665207+05:30,118.7,,3504225
2025-09-04 13:52:47.436293+05:30,119.65,,3504225
2025-09-04 13:52:48.154677+05:30,119.65,,3504225
2025-09-04 13:52:48.404889+05:30,119.4,,3504225
2025-09-04 13:52:48.706937+05:30,119.55,,3504225
2025-09-04 13:52:49.190566+05:30,119.25,,3504225
2025-09-04 13:52:49.487422+05:30,118.9,,3504225
2025-09-04 13:52:49.653402+05:30,119.05,,3504225
2025-09-04 13:52:50.459964+05:30,119.15,,3504225
2025-09-04 13:52:50.685102+05:30,119.0,,3504225
2025-09-04 13:52:51.471954+05:30,119.2,,3504225
2025-09-04 13:52:51.653486+05:30,119.2,,3504225
2025-09-04 13:52:52.539784+05:30,119.3,,3504225
2025-09-04 13:52:52.653323+05:30,119.6,,3504225
2025-09-04 13:52:53.204515+05:30,119.75,,3504225
2025-09-04 13:52:53.653393+05:30,120.3,,3504225
2025-09-04 13:52:54.154292+05:30,120.5,,3504225
2025-09-04 13:52:54.404981+05:30,120.15,,3504225
2025-09-04 13:52:54.679777+05:30,120.5,,3504225
2025-09-04 13:52:55.490580+05:30,120.3,,3504225
2025-09-04 13:52:55.670126+05:30,120.55,,3504225
2025-09-04 13:52:56.453916+05:30,120.25,,3504225
2025-09-04 13:52:56.738224+05:30,120.3,,3504225
2025-09-04 13:52:57.403425+05:30,121.5,,3504225
2025-09-04 13:52:57.699976+05:30,121.3,,3504225
2025-09-04 13:52:58.153402+05:30,121.5,,3504225
2025-09-04 13:52:58.436836+05:30,121.25,,3504225
2025-09-04 13:52:58.800612+05:30,120.75,,3504225
2025-09-04 13:52:59.154831+05:30,121.0,,3504225
2025-09-04 13:52:59.410051+05:30,121.1,,3504225
2025-09-04 13:52:59.753277+05:30,121.15,,3504225
2025-09-04 13:53:00.404662+05:30,120.4,,3504225
2025-09-04 13:53:00.771095+05:30,120.7,,3504225
2025-09-04 13:53:01.487094+05:30,120.85,,3504225
2025-09-04 13:53:01.690498+05:30,120.45,,3504225
2025-09-04 13:53:02.404820+05:30,120.7,,3504225
2025-09-04 13:53:02.653419+05:30,120.65,,3504225
2025-09-04 13:53:03.155323+05:30,120.85,,3504225
2025-09-04 13:53:03.438088+05:30,121.4,,3504225
2025-09-04 13:53:03.758666+05:30,121.45,,3504225
2025-09-04 13:53:04.154752+05:30,122.1,,3504225
2025-09-04 13:53:04.414593+05:30,121.85,,3504225
2025-09-04 13:53:04.752201+05:30,121.65,,3504225
2025-09-04 13:53:05.476778+05:30,122.0,,3504225
2025-09-04 13:53:05.661392+05:30,121.9,,3504225
2025-09-04 13:53:06.443588+05:30,121.4,,3504225
2025-09-04 13:53:06.770734+05:30,121.4,,3504225
2025-09-04 13:53:07.404864+05:30,121.3,,3504225
2025-09-04 13:53:07.696104+05:30,121.6,,3504225
2025-09-04 13:53:08.194710+05:30,121.6,,3504225
2025-09-04 13:53:08.404464+05:30,121.55,,3504225
2025-09-04 13:53:08.649077+05:30,121.55,,3504225
2025-09-04 13:53:09.155434+05:30,121.45,,3504225
2025-09-04 13:53:09.398423+05:30,121.3,,3504225
2025-09-04 13:53:09.653527+05:30,121.5,,3504225
2025-09-04 13:53:10.535524+05:30,122.1,,3504225
2025-09-04 13:53:10.717564+05:30,121.8,,3504225
2025-09-04 13:53:11.404903+05:30,121.65,,3504225
2025-09-04 13:53:11.653254+05:30,121.65,,3504225
2025-09-04 13:53:12.670394+05:30,121.6,,3504225
2025-09-04 13:53:13.154710+05:30,121.5,,3504225
2025-09-04 13:53:13.404595+05:30,121.35,,3504225
2025-09-04 13:53:13.654044+05:30,121.05,,3504225
2025-09-04 13:53:14.210616+05:30,120.35,,3504225
2025-09-04 13:53:14.404710+05:30,119.6,,3504225
2025-09-04 13:53:14.653240+05:30,119.6,,3504225
2025-09-04 13:53:15.449742+05:30,119.4,,3504225
2025-09-04 13:53:15.669562+05:30,119.3,,3504225
2025-09-04 13:53:16.466220+05:30,118.85,,3504225
2025-09-04 13:53:16.648678+05:30,118.8,,3504225
2025-09-04 13:53:17.753431+05:30,119.4,,3504225
2025-09-04 13:53:18.154699+05:30,119.5,,3504225
2025-09-04 13:53:18.404577+05:30,119.4,,3504225
2025-09-04 13:53:18.762048+05:30,119.45,,3504225
2025-09-04 13:53:19.148671+05:30,119.3,,3504225
2025-09-04 13:53:19.404293+05:30,119.5,,3504225
2025-09-04 13:53:19.683600+05:30,119.35,,3504225
2025-09-04 13:53:20.470925+05:30,119.0,,3504225
2025-09-04 13:53:20.674856+05:30,118.95,,3504225
2025-09-04 13:53:21.405142+05:30,118.3,,3504225
2025-09-04 13:53:21.650089+05:30,118.35,,3504225
2025-09-04 13:53:22.404556+05:30,118.45,,3504225
2025-09-04 13:53:22.685719+05:30,118.2,,3504225
2025-09-04 13:53:23.175875+05:30,118.05,,3504225
2025-09-04 13:53:23.444368+05:30,117.6,,3504225
2025-09-04 13:53:23.656133+05:30,117.8,,3504225
2025-09-04 13:53:24.154502+05:30,117.8,,3504225
2025-09-04 13:53:24.510154+05:30,117.6,,3504225
2025-09-04 13:53:24.653311+05:30,117.6,,3504225
2025-09-04 13:53:25.404698+05:30,117.15,,3504225
2025-09-04 13:53:25.705571+05:30,116.8,,3504225
2025-09-04 13:53:26.469772+05:30,116.15,,3504225
2025-09-04 13:53:26.748767+05:30,116.35,,3504225
2025-09-04 13:53:27.513282+05:30,116.05,,3504225
2025-09-04 13:53:27.669585+05:30,116.15,,3504225
2025-09-04 13:53:28.170713+05:30,116.0,,3504225
2025-09-04 13:53:28.403060+05:30,115.9,,3504225
2025-09-04 13:53:28.703125+05:30,116.05,,3504225
2025-09-04 13:53:29.154676+05:30,116.4,,3504225
2025-09-04 13:53:29.444261+05:30,116.75,,3504225
2025-09-04 13:53:29.726862+05:30,116.6,,3504225
2025-09-04 13:53:30.403938+05:30,116.45,,3504225
2025-09-04 13:53:30.648891+05:30,116.6,,3504225
2025-09-04 13:53:31.652929+05:30,117.15,,3504225
2025-09-04 13:53:32.463593+05:30,117.15,,3504225
2025-09-04 13:53:32.675344+05:30,117.1,,3504225
2025-09-04 13:53:33.152868+05:30,117.65,,3504225
2025-09-04 13:53:33.475028+05:30,117.7,,3504225
2025-09-04 13:53:33.647947+05:30,118.0,,3504225
2025-09-04 13:53:34.190272+05:30,117.9,,3504225
2025-09-04 13:53:34.653843+05:30,118.75,,3504225
2025-09-04 13:53:35.404353+05:30,118.5,,3504225
2025-09-04 13:53:35.652915+05:30,118.9,,3504225
2025-09-04 13:53:36.736566+05:30,118.95,,3504225
2025-09-04 13:53:37.514863+05:30,119.35,,3504225
2025-09-04 13:53:37.653038+05:30,119.35,,3504225
2025-09-04 13:53:38.148803+05:30,118.85,,3504225
2025-09-04 13:53:38.484299+05:30,118.5,,3504225
2025-09-04 13:53:38.653343+05:30,118.7,,3504225
2025-09-04 13:53:39.176219+05:30,119.15,,3504225
2025-09-04 13:53:39.463520+05:30,119.0,,3504225
2025-09-04 13:53:39.652989+05:30,119.2,,3504225
2025-09-04 13:53:40.504049+05:30,119.15,,3504225
2025-09-04 13:53:40.726885+05:30,119.7,,3504225
2025-09-04 13:53:41.451752+05:30,119.7,,3504225
2025-09-04 13:53:41.686079+05:30,119.45,,3504225
2025-09-04 13:53:42.657925+05:30,119.65,,3504225
2025-09-04 13:53:43.153347+05:30,119.75,,3504225
2025-09-04 13:53:43.404010+05:30,119.35,,3504225
2025-09-04 13:53:43.652790+05:30,119.55,,3504225
2025-09-04 13:53:44.193602+05:30,119.5,,3504225
2025-09-04 13:53:44.399050+05:30,119.45,,3504225
2025-09-04 13:53:44.652817+05:30,120.15,,3504225
2025-09-04 13:53:45.520884+05:30,120.45,,3504225
2025-09-04 13:53:45.653666+05:30,119.9,,3504225
2025-09-04 13:53:46.461728+05:30,119.5,,3504225
2025-09-04 13:53:46.649021+05:30,119.5,,3504225
2025-09-04 13:53:47.659926+05:30,119.85,,3504225
2025-09-04 13:53:48.397735+05:30,120.1,,3504225
2025-09-04 13:53:48.689570+05:30,120.7,,3504225
2025-09-04 13:53:49.154264+05:30,120.45,,3504225
2025-09-04 13:53:49.403994+05:30,120.2,,3504225
2025-09-04 13:53:49.653048+05:30,120.45,,3504225
2025-09-04 13:53:50.403837+05:30,120.4,,3504225
2025-09-04 13:53:50.652963+05:30,120.1,,3504225
2025-09-04 13:53:51.504809+05:30,120.4,,3504225
2025-09-04 13:53:51.652791+05:30,120.4,,3504225
2025-09-04 13:53:52.424781+05:30,120.2,,3504225
2025-09-04 13:53:52.695713+05:30,120.35,,3504225
2025-09-04 13:53:53.154127+05:30,120.35,,3504225
2025-09-04 13:53:53.477941+05:30,120.0,,3504225
2025-09-04 13:53:53.725121+05:30,119.5,,3504225
2025-09-04 13:53:53.902986+05:30,119.5,,3504225
2025-09-04 13:53:54.652765+05:30,119.0,,3504225
2025-09-04 13:53:55.404321+05:30,119.05,,3504225
2025-09-04 13:53:55.652862+05:30,118.75,,3504225
2025-09-04 13:53:56.725767+05:30,119.15,,3504225
2025-09-04 13:53:57.154038+05:30,118.9,,3504225
2025-09-04 13:53:57.403992+05:30,119.25,,3504225
2025-09-04 13:53:57.697029+05:30,118.7,,3504225
2025-09-04 13:53:58.193876+05:30,118.4,,3504225
2025-09-04 13:53:58.425397+05:30,118.7,,3504225
2025-09-04 13:53:58.652988+05:30,118.65,,3504225
2025-09-04 13:53:59.186269+05:30,118.65,,3504225
2025-09-04 13:53:59.421725+05:30,118.6,,3504225
2025-09-04 13:53:59.652742+05:30,118.9,,3504225
2025-09-04 13:54:00.745388+05:30,118.7,,3504225
2025-09-04 13:54:01.692910+05:30,118.65,,3504225
2025-09-04 13:54:02.657860+05:30,119.1,,3504225
2025-09-04 13:54:03.257327+05:30,119.0,,3504225
2025-09-04 13:54:03.784378+05:30,118.8,,3504225
2025-09-04 13:54:04.165089+05:30,118.25,,3504225
2025-09-04 13:54:04.402687+05:30,117.6,,3504225
2025-09-04 13:54:04.653906+05:30,117.6,,3504225
2025-09-04 13:54:05.464225+05:30,117.8,,3504225
2025-09-04 13:54:05.807277+05:30,117.85,,3504225
2025-09-04 13:54:06.425776+05:30,118.65,,3504225
2025-09-04 13:54:06.652939+05:30,118.5,,3504225
2025-09-04 13:54:07.404239+05:30,118.5,,3504225
2025-09-04 13:54:07.669393+05:30,118.35,,3504225
2025-09-04 13:54:08.181230+05:30,118.1,,3504225
2025-09-04 13:54:08.461532+05:30,118.8,,3504225
2025-09-04 13:54:08.725653+05:30,118.5,,3504225
2025-09-04 13:54:09.148233+05:30,118.5,,3504225
2025-09-04 13:54:09.434672+05:30,118.5,,3504225
2025-09-04 13:54:09.728185+05:30,118.15,,3504225
2025-09-04 13:54:10.403966+05:30,118.0,,3504225
2025-09-04 13:54:10.659206+05:30,118.2,,3504225
2025-09-04 13:54:11.491678+05:30,118.35,,3504225
2025-09-04 13:54:11.653863+05:30,118.75,,3504225
2025-09-04 13:54:12.153785+05:30,118.2,,3504225
2025-09-04 13:54:12.484506+05:30,118.45,,3504225
2025-09-04 13:54:12.654072+05:30,118.1,,3504225
2025-09-04 13:54:12.926668+05:30,118.0,,3504225
2025-09-04 13:54:13.455612+05:30,118.05,,3504225
2025-09-04 13:54:13.648156+05:30,118.0,,3504225
2025-09-04 13:54:14.420481+05:30,118.4,,3504225
2025-09-04 13:54:14.648952+05:30,118.15,,3504225
2025-09-04 13:54:15.404251+05:30,118.1,,3504225
2025-09-04 13:54:15.652692+05:30,118.1,,3504225
2025-09-04 13:54:16.445237+05:30,117.85,,3504225
2025-09-04 13:54:16.652688+05:30,117.65,,3504225
2025-09-04 13:54:17.473326+05:30,117.3,,3504225
2025-09-04 13:54:17.669545+05:30,117.3,,3504225
2025-09-04 13:54:17.908904+05:30,117.35,,3504225
2025-09-04 13:54:18.801821+05:30,117.4,,3504225
2025-09-04 13:54:19.402562+05:30,117.3,,3504225
2025-09-04 13:54:19.670427+05:30,117.85,,3504225
2025-09-04 13:54:20.652671+05:30,117.15,,3504225
2025-09-04 13:54:21.154055+05:30,117.6,,3504225
2025-09-04 13:54:21.403376+05:30,118.35,,3504225
2025-09-04 13:54:21.652905+05:30,118.25,,3504225
2025-09-04 13:54:22.205078+05:30,117.85,,3504225
2025-09-04 13:54:22.491828+05:30,117.45,,3504225
2025-09-04 13:54:22.706255+05:30,116.85,,3504225
2025-09-04 13:54:23.409975+05:30,117.2,,3504225
2025-09-04 13:54:23.652652+05:30,117.25,,3504225
2025-09-04 13:54:24.445361+05:30,117.65,,3504225
2025-09-04 13:54:24.661321+05:30,116.9,,3504225
2025-09-04 13:54:25.411112+05:30,116.7,,3504225
2025-09-04 13:54:25.771645+05:30,117.0,,3504225
2025-09-04 13:54:26.154784+05:30,116.8,,3504225
2025-09-04 13:54:26.450055+05:30,116.95,,3504225
2025-09-04 13:54:26.652554+05:30,116.7,,3504225
2025-09-04 13:54:27.171786+05:30,116.65,,3504225
2025-09-04 13:54:27.403551+05:30,117.1,,3504225
2025-09-04 13:54:27.684096+05:30,117.1,,3504225
2025-09-04 13:54:28.397838+05:30,117.3,,3504225
2025-09-04 13:54:28.780552+05:30,117.25,,3504225
2025-09-04 13:54:28.902349+05:30,117.0,,3504225
2025-09-04 13:54:29.397929+05:30,117.25,,3504225
2025-09-04 13:54:29.652491+05:30,117.4,,3504225
2025-09-04 13:54:30.709632+05:30,116.9,,3504225
2025-09-04 13:54:31.153852+05:30,117.2,,3504225
2025-09-04 13:54:31.403440+05:30,117.35,,3504225
2025-09-04 13:54:31.652536+05:30,117.3,,3504225
2025-09-04 13:54:32.241634+05:30,117.15,,3504225
2025-09-04 13:54:32.403786+05:30,117.15,,3504225
2025-09-04 13:54:32.719672+05:30,117.0,,3504225
2025-09-04 13:54:33.403787+05:30,116.4,,3504225
2025-09-04 13:54:33.710072+05:30,116.9,,3504225
2025-09-04 13:54:34.153697+05:30,116.7,,3504225
2025-09-04 13:54:34.398196+05:30,116.6,,3504225
2025-09-04 13:54:34.707323+05:30,116.45,,3504225
2025-09-04 13:54:35.398535+05:30,116.45,,3504225
2025-09-04 13:54:35.652562+05:30,116.45,,3504225
2025-09-04 13:54:35.900743+05:30,116.25,,3504225
2025-09-04 13:54:36.652563+05:30,118.7,,3504225
2025-09-04 13:54:37.187954+05:30,118.8,,3504225
2025-09-04 13:54:37.442275+05:30,118.7,,3504225
2025-09-04 13:54:37.647477+05:30,118.25,,3504225
2025-09-04 13:54:38.424933+05:30,118.4,,3504225
2025-09-04 13:54:38.729879+05:30,118.6,,3504225
2025-09-04 13:54:39.241371+05:30,118.55,,3504225
2025-09-04 13:54:39.415119+05:30,118.75,,3504225
2025-09-04 13:54:39.647592+05:30,118.95,,3504225
2025-09-04 13:54:40.403760+05:30,119.2,,3504225
2025-09-04 13:54:40.682207+05:30,119.25,,3504225
2025-09-04 13:54:40.912764+05:30,119.6,,3504225
2025-09-04 13:54:41.565267+05:30,120.15,,3504225
2025-09-04 13:54:41.726590+05:30,120.15,,3504225
2025-09-04 13:54:42.189059+05:30,120.2,,3504225
2025-09-04 13:54:42.426033+05:30,120.1,,3504225
2025-09-04 13:54:42.722274+05:30,120.1,,3504225
2025-09-04 13:54:43.647339+05:30,120.6,,3504225
2025-09-04 13:54:44.153797+05:30,120.8,,3504225
2025-09-04 13:54:44.402250+05:30,120.85,,3504225
2025-09-04 13:54:44.652342+05:30,120.8,,3504225
2025-09-04 13:54:45.525852+05:30,121.75,,3504225
2025-09-04 13:54:45.652385+05:30,122.45,,3504225
2025-09-04 13:54:46.658483+05:30,122.2,,3504225
2025-09-04 13:54:47.152877+05:30,122.05,,3504225
2025-09-04 13:54:47.459593+05:30,121.85,,3504225
2025-09-04 13:54:47.772248+05:30,122.05,,3504225
2025-09-04 13:54:48.426881+05:30,122.1,,3504225
2025-09-04 13:54:48.652430+05:30,122.8,,3504225
2025-09-04 13:54:49.153540+05:30,122.8,,3504225
2025-09-04 13:54:49.397202+05:30,122.75,,3504225
2025-09-04 13:54:49.735720+05:30,122.65,,3504225
2025-09-04 13:54:50.409501+05:30,123.5,,3504225
2025-09-04 13:54:50.686406+05:30,123.5,,3504225
2025-09-04 13:54:50.914171+05:30,123.25,,3504225
2025-09-04 13:54:51.403377+05:30,123.0,,3504225
2025-09-04 13:54:51.689437+05:30,123.05,,3504225
2025-09-04 13:54:51.902193+05:30,122.8,,3504225
2025-09-04 13:54:52.397411+05:30,122.6,,3504225
2025-09-04 13:54:52.690399+05:30,122.1,,3504225
2025-09-04 13:54:53.425437+05:30,122.15,,3504225
2025-09-04 13:54:53.652343+05:30,121.8,,3504225
2025-09-04 13:54:54.157309+05:30,122.45,,3504225
2025-09-04 13:54:54.403712+05:30,122.5,,3504225
2025-09-04 13:54:54.647303+05:30,122.5,,3504225
2025-09-04 13:54:55.402544+05:30,122.25,,3504225
2025-09-04 13:54:55.703617+05:30,122.1,,3504225
2025-09-04 13:54:55.907827+05:30,122.1,,3504225
2025-09-04 13:54:56.403589+05:30,121.7,,3504225
2025-09-04 13:54:56.657651+05:30,121.7,,3504225
2025-09-04 13:54:56.902245+05:30,121.4,,3504225
2025-09-04 13:54:57.403461+05:30,121.45,,3504225
2025-09-04 13:54:57.652191+05:30,121.7,,3504225
2025-09-04 13:54:58.719620+05:30,121.7,,3504225
2025-09-04 13:54:59.147263+05:30,122.15,,3504225
2025-09-04 13:54:59.403478+05:30,121.55,,3504225
2025-09-04 13:54:59.671477+05:30,122.1,,3504225
2025-09-04 13:55:00.404008+05:30,122.05,,3504225
2025-09-04 13:55:00.746573+05:30,121.75,,3504225
2025-09-04 13:55:00.902805+05:30,122.0,,3504225
2025-09-04 13:55:01.655057+05:30,121.7,,3504225
2025-09-04 13:55:01.941595+05:30,121.7,,3504225
2025-09-04 13:55:02.456210+05:30,121.6,,3504225
2025-09-04 13:55:02.682545+05:30,121.6,,3504225
2025-09-04 13:55:03.499386+05:30,121.8,,3504225
2025-09-04 13:55:03.652521+05:30,121.75,,3504225
2025-09-04 13:55:04.454636+05:30,122.35,,3504225
2025-09-04 13:55:04.650894+05:30,122.75,,3504225
2025-09-04 13:55:05.197190+05:30,122.6,,3504225
2025-09-04 13:55:05.403928+05:30,123.15,,3504225
2025-09-04 13:55:05.763662+05:30,123.15,,3504225
2025-09-04 13:55:05.908177+05:30,123.35,,3504225
2025-09-04 13:55:06.437410+05:30,123.3,,3504225
2025-09-04 13:55:06.653435+05:30,122.85,,3504225
2025-09-04 13:55:06.903193+05:30,123.0,,3504225
2025-09-04 13:55:07.469852+05:30,123.1,,3504225
2025-09-04 13:55:07.673239+05:30,122.9,,3504225
2025-09-04 13:55:08.477085+05:30,122.5,,3504225
2025-09-04 13:55:08.652122+05:30,122.65,,3504225
2025-09-04 13:55:09.444599+05:30,122.6,,3504225
2025-09-04 13:55:09.760400+05:30,122.75,,3504225
2025-09-04 13:55:10.458894+05:30,122.4,,3438300
2025-09-04 13:55:10.659895+05:30,122.2,,3438300
2025-09-04 13:55:10.956553+05:30,122.25,,3438300
2025-09-04 13:55:11.403943+05:30,122.25,,3438300
2025-09-04 13:55:11.678736+05:30,122.05,,3438300
2025-09-04 13:55:11.907139+05:30,122.1,,3438300
2025-09-04 13:55:12.415094+05:30,122.2,,3438300
2025-09-04 13:55:12.652075+05:30,121.9,,3438300
2025-09-04 13:55:13.403613+05:30,121.85,,3438300
2025-09-04 13:55:13.674033+05:30,121.85,,3438300
2025-09-04 13:55:14.496097+05:30,121.65,,3438300
2025-09-04 13:55:14.725937+05:30,121.6,,3438300
2025-09-04 13:55:15.153488+05:30,121.6,,3438300
2025-09-04 13:55:15.420553+05:30,121.8,,3438300
2025-09-04 13:55:15.722252+05:30,121.6,,3438300
2025-09-04 13:55:15.946892+05:30,121.6,,3438300
2025-09-04 13:55:16.652079+05:30,121.6,,3438300
2025-09-04 13:55:16.902048+05:30,122.0,,3438300
2025-09-04 13:55:17.403342+05:30,121.5,,3438300
2025-09-04 13:55:17.689872+05:30,121.95,,3438300
2025-09-04 13:55:18.523963+05:30,121.85,,3438300
2025-09-04 13:55:18.697069+05:30,122.3,,3438300
2025-09-04 13:55:19.445882+05:30,122.2,,3438300
2025-09-04 13:55:19.762480+05:30,122.1,,3438300
2025-09-04 13:55:20.187484+05:30,122.7,,3438300
2025-09-04 13:55:20.652075+05:30,122.7,,3438300
2025-09-04 13:55:20.908526+05:30,122.5,,3438300
2025-09-04 13:55:21.478524+05:30,122.35,,3438300
2025-09-04 13:55:21.698734+05:30,122.45,,3438300
2025-09-04 13:55:21.902150+05:30,122.25,,3438300
2025-09-04 13:55:22.403422+05:30,122.35,,3438300
2025-09-04 13:55:22.652088+05:30,122.1,,3438300
2025-09-04 13:55:23.668193+05:30,122.15,,3438300
2025-09-04 13:55:24.402934+05:30,122.2,,3438300
2025-09-04 13:55:24.652042+05:30,122.35,,3438300
2025-09-04 13:55:25.153481+05:30,122.0,,3438300
2025-09-04 13:55:25.399049+05:30,122.5,,3438300
2025-09-04 13:55:25.731635+05:30,122.2,,3438300
2025-09-04 13:55:25.897826+05:30,122.25,,3438300
2025-09-04 13:55:26.403040+05:30,122.7,,3438300
2025-09-04 13:55:26.727347+05:30,122.9,,3438300
2025-09-04 13:55:26.946415+05:30,122.6,,3438300
2025-09-04 13:55:27.402878+05:30,122.6,,3438300
2025-09-04 13:55:27.663418+05:30,122.55,,3438300
2025-09-04 13:55:28.466391+05:30,122.15,,3438300
2025-09-04 13:55:28.723711+05:30,122.45,,3438300
2025-09-04 13:55:29.402144+05:30,122.55,,3438300
2025-09-04 13:55:29.705978+05:30,122.55,,3438300
2025-09-04 13:55:30.462142+05:30,122.6,,3438300
2025-09-04 13:55:30.653322+05:30,123.0,,3438300
2025-09-04 13:55:31.151779+05:30,122.95,,3438300
2025-09-04 13:55:32.151723+05:30,122.7,,3438300
2025-09-04 13:55:33.406789+05:30,122.25,,3438300
2025-09-04 13:55:33.647790+05:30,122.25,,3438300
2025-09-04 13:55:35.401929+05:30,121.1,,3438300
2025-09-04 13:55:36.146994+05:30,120.7,,3438300
2025-09-04 13:55:36.401979+05:30,120.0,,3438300
2025-09-04 13:55:36.696792+05:30,120.05,,3438300
2025-09-04 13:55:36.926834+05:30,119.8,,3438300
2025-09-04 13:55:37.712350+05:30,119.8,,3438300
2025-09-04 13:55:38.458792+05:30,120.5,,3438300
2025-09-04 13:55:38.651825+05:30,120.4,,3438300
2025-09-04 13:55:39.529735+05:30,120.3,,3438300
2025-09-04 13:55:39.689917+05:30,120.3,,3438300
2025-09-04 13:55:40.153540+05:30,120.1,,3438300
2025-09-04 13:55:40.403339+05:30,119.4,,3438300
2025-09-04 13:55:40.748408+05:30,119.45,,3438300
2025-09-04 13:55:40.901652+05:30,119.5,,3438300
2025-09-04 13:55:41.402126+05:30,119.35,,3438300
2025-09-04 13:55:41.714074+05:30,119.45,,3438300
2025-09-04 13:55:41.901814+05:30,119.5,,3438300
2025-09-04 13:55:42.445724+05:30,119.9,,3438300
2025-09-04 13:55:42.652403+05:30,119.95,,3438300
2025-09-04 13:55:43.447323+05:30,119.85,,3438300
2025-09-04 13:55:43.691178+05:30,119.5,,3438300
2025-09-04 13:55:44.684193+05:30,119.35,,3438300
2025-09-04 13:55:45.402835+05:30,120.1,,3438300
2025-09-04 13:55:45.652420+05:30,120.1,,3438300
2025-09-04 13:55:46.158659+05:30,119.95,,3438300
2025-09-04 13:55:46.403404+05:30,120.05,,3438300
2025-09-04 13:55:46.651783+05:30,120.15,,3438300
2025-09-04 13:55:46.951747+05:30,120.15,,3438300
2025-09-04 13:55:47.652827+05:30,121.2,,3438300
2025-09-04 13:55:48.690092+05:30,121.05,,3438300
2025-09-04 13:55:49.402021+05:30,120.45,,3438300
2025-09-04 13:55:49.653030+05:30,120.45,,3438300
2025-09-04 13:55:50.402903+05:30,121.1,,3438300
2025-09-04 13:55:50.652022+05:30,121.0,,3438300
2025-09-04 13:55:51.151789+05:30,121.0,,3438300
2025-09-04 13:55:51.485027+05:30,121.2,,3438300
2025-09-04 13:55:51.728056+05:30,121.2,,3438300
2025-09-04 13:55:51.896559+05:30,121.3,,3438300
2025-09-04 13:55:52.418413+05:30,121.1,,3438300
2025-09-04 13:55:52.696000+05:30,121.0,,3438300
2025-09-04 13:55:53.722097+05:30,120.7,,3438300
2025-09-04 13:55:54.402937+05:30,120.7,,3438300
2025-09-04 13:55:54.685584+05:30,120.7,,3438300
2025-09-04 13:55:55.152708+05:30,120.65,,3438300
2025-09-04 13:55:55.419670+05:30,121.0,,3438300
2025-09-04 13:55:55.688581+05:30,121.0,,3438300
2025-09-04 13:55:56.440439+05:30,120.65,,3438300
2025-09-04 13:55:56.672944+05:30,120.65,,3438300
2025-09-04 13:55:57.476849+05:30,120.5,,3438300
2025-09-04 13:55:57.701076+05:30,120.5,,3438300
2025-09-04 13:55:58.501300+05:30,120.9,,3438300
2025-09-04 13:55:58.652275+05:30,120.9,,3438300
2025-09-04 13:55:59.153110+05:30,120.9,,3438300
2025-09-04 13:55:59.473894+05:30,120.9,,3438300
2025-09-04 13:55:59.694314+05:30,120.65,,3438300
2025-09-04 13:56:00.148011+05:30,120.6,,3438300
2025-09-04 13:56:00.397880+05:30,120.85,,3438300
2025-09-04 13:56:00.788211+05:30,120.9,,3438300
2025-09-04 13:56:00.987161+05:30,120.9,,3438300
2025-09-04 13:56:01.449642+05:30,120.5,,3438300
2025-09-04 13:56:01.653371+05:30,120.5,,3438300
2025-09-04 13:56:02.403592+05:30,120.45,,3438300
2025-09-04 13:56:02.749560+05:30,120.45,,3438300
2025-09-04 13:56:03.436485+05:30,119.95,,3438300
2025-09-04 13:56:03.737237+05:30,119.8,,3438300
2025-09-04 13:56:04.185585+05:30,119.55,,3438300
2025-09-04 13:56:04.531243+05:30,119.9,,3438300
2025-09-04 13:56:04.700189+05:30,119.9,,3438300
2025-09-04 13:56:05.397928+05:30,119.7,,3438300
2025-09-04 13:56:05.674255+05:30,119.3,,3438300
