time,last_price,volume,oi
2025-09-05 10:55:52.865020+05:30,26.15,,19266150
2025-09-05 10:55:53.143279+05:30,26.1,,19266150
2025-09-05 10:55:53.397792+05:30,26.2,,19266150
2025-09-05 10:55:53.917513+05:30,26.25,,19266150
2025-09-05 10:55:54.159621+05:30,26.25,,19266150
2025-09-05 10:55:54.454503+05:30,26.2,,19266150
2025-09-05 10:55:54.892846+05:30,26.25,,19266150
2025-09-05 10:55:55.642669+05:30,26.05,,19266150
2025-09-05 10:55:55.931886+05:30,26.15,,19266150
2025-09-05 10:55:56.726124+05:30,26.25,,19266150
2025-09-05 10:55:57.393673+05:30,26.3,,19266150
2025-09-05 10:55:57.705102+05:30,26.15,,19266150
2025-09-05 10:55:57.932059+05:30,26.25,,19266150
2025-09-05 10:55:58.415213+05:30,26.2,,19266150
2025-09-05 10:55:58.648590+05:30,26.2,,19266150
2025-09-05 10:55:58.892723+05:30,26.25,,19266150
2025-09-05 10:55:59.464315+05:30,26.3,,19266150
2025-09-05 10:55:59.949734+05:30,26.45,,19266150
2025-09-05 10:56:00.650434+05:30,26.35,,19266150
2025-09-05 10:56:00.927612+05:30,26.2,,19266150
2025-09-05 10:56:01.430534+05:30,26.3,,19266150
2025-09-05 10:56:01.730531+05:30,26.35,,19266150
2025-09-05 10:56:02.415283+05:30,26.35,,19266150
2025-09-05 10:56:02.642674+05:30,26.15,,19266150
2025-09-05 10:56:03.142538+05:30,26.3,,19266150
2025-09-05 10:56:03.654202+05:30,26.25,,19266150
2025-09-05 10:56:03.983133+05:30,26.2,,19266150
2025-09-05 10:56:04.416733+05:30,26.3,,19266150
2025-09-05 10:56:04.657733+05:30,26.2,,19266150
2025-09-05 10:56:04.948184+05:30,26.3,,19266150
2025-09-05 10:56:05.420507+05:30,26.2,,19266150
2025-09-05 10:56:05.926466+05:30,26.35,,19266150
2025-09-05 10:56:06.657911+05:30,26.4,,19266150
2025-09-05 10:56:07.392545+05:30,26.05,,19266150
2025-09-05 10:56:07.668607+05:30,26.05,,19266150
2025-09-05 10:56:08.397928+05:30,26.05,,19266150
2025-09-05 10:56:08.911673+05:30,26.1,,19266150
2025-09-05 10:56:09.489268+05:30,26.0,,19266150
2025-09-05 10:56:09.983075+05:30,26.05,,19266150
2025-09-05 10:56:10.394799+05:30,26.1,,19266150
2025-09-05 10:56:10.912959+05:30,26.1,,19266150
2025-09-05 10:56:11.698615+05:30,26.1,,19266150
2025-09-05 10:56:12.669466+05:30,26.1,,19266150
2025-09-05 10:56:13.457766+05:30,26.2,,19266150
2025-09-05 10:56:13.649775+05:30,26.1,,19266150
2025-09-05 10:56:13.910871+05:30,26.15,,19266150
2025-09-05 10:56:14.392630+05:30,26.05,,19266150
2025-09-05 10:56:14.664411+05:30,26.05,,19266150
2025-09-05 10:56:14.892509+05:30,26.15,,19266150
2025-09-05 10:56:15.669852+05:30,26.25,,19266150
2025-09-05 10:56:15.964152+05:30,26.15,,19266150
2025-09-05 10:56:16.447733+05:30,26.25,,19266150
2025-09-05 10:56:16.638576+05:30,26.3,,19266150
2025-09-05 10:56:17.420001+05:30,26.15,,19266150
2025-09-05 10:56:17.643470+05:30,26.1,,19266150
2025-09-05 10:56:18.392746+05:30,26.15,,19266150
2025-09-05 10:56:18.914415+05:30,26.15,,19266150
2025-09-05 10:56:19.143458+05:30,26.2,,19266150
2025-09-05 10:56:19.392744+05:30,26.1,,19266150
2025-09-05 10:56:19.917109+05:30,26.2,,19266150
2025-09-05 10:56:20.451782+05:30,26.15,,19266150
2025-09-05 10:56:20.917407+05:30,26.35,,19266150
2025-09-05 10:56:21.491140+05:30,26.3,,19266150
2025-09-05 10:56:21.675708+05:30,26.25,,19266150
2025-09-05 10:56:21.983459+05:30,26.35,,19266150
2025-09-05 10:56:22.642543+05:30,26.25,,19266150
2025-09-05 10:56:23.013001+05:30,26.15,,19266150
2025-09-05 10:56:23.458827+05:30,25.95,,19266150
2025-09-05 10:56:23.957811+05:30,25.95,,19266150
2025-09-05 10:56:24.387770+05:30,25.9,,19266150
2025-09-05 10:56:24.977561+05:30,25.8,,19266150
2025-09-05 10:56:25.388433+05:30,25.75,,19266150
2025-09-05 10:56:25.949643+05:30,25.85,,19266150
2025-09-05 10:56:26.687257+05:30,25.85,,19266150
2025-09-05 10:56:27.393660+05:30,25.75,,19266150
2025-09-05 10:56:27.985762+05:30,25.7,,19266150
2025-09-05 10:56:28.174457+05:30,25.75,,19266150
2025-09-05 10:56:28.447636+05:30,25.8,,19266150
2025-09-05 10:56:28.892544+05:30,25.7,,19266150
2025-09-05 10:56:29.421189+05:30,25.7,,19266150
2025-09-05 10:56:29.708384+05:30,25.8,,19266150
2025-09-05 10:56:29.937596+05:30,25.8,,19266150
2025-09-05 10:56:30.474481+05:30,25.75,,19266150
2025-09-05 10:56:30.927568+05:30,25.75,,19266150
2025-09-05 10:56:31.403414+05:30,25.9,,19266150
2025-09-05 10:56:31.963515+05:30,25.8,,19266150
2025-09-05 10:56:32.420774+05:30,25.8,,19266150
2025-09-05 10:56:32.916568+05:30,25.9,,19266150
2025-09-05 10:56:33.431558+05:30,25.7,,19266150
2025-09-05 10:56:33.892447+05:30,25.8,,19266150
2025-09-05 10:56:34.165481+05:30,25.85,,19266150
2025-09-05 10:56:34.644516+05:30,25.9,,19266150
2025-09-05 10:56:34.902766+05:30,25.95,,19266150
2025-09-05 10:56:35.426146+05:30,26.0,,19266150
2025-09-05 10:56:35.892663+05:30,26.05,,19266150
2025-09-05 10:56:36.642774+05:30,25.95,,19266150
2025-09-05 10:56:36.972948+05:30,25.95,,19266150
2025-09-05 10:56:37.496393+05:30,26.0,,19266150
2025-09-05 10:56:37.932027+05:30,26.15,,19266150
2025-09-05 10:56:38.169790+05:30,26.05,,19266150
2025-09-05 10:56:38.447835+05:30,26.1,,19266150
2025-09-05 10:56:38.919695+05:30,26.05,,19266150
2025-09-05 10:56:39.191740+05:30,26.15,,19266150
2025-09-05 10:56:39.388600+05:30,26.1,,19266150
2025-09-05 10:56:39.914374+05:30,26.05,,19266150
2025-09-05 10:56:40.664486+05:30,25.95,,19266150
2025-09-05 10:56:40.892509+05:30,26.1,,19266150
2025-09-05 10:56:41.414726+05:30,25.9,,19266150
2025-09-05 10:56:41.899842+05:30,25.9,,19266150
2025-09-05 10:56:42.435470+05:30,25.8,,19266150
2025-09-05 10:56:42.958851+05:30,25.8,,19266150
2025-09-05 10:56:43.176122+05:30,25.9,,19266150
2025-09-05 10:56:43.410393+05:30,25.9,,19266150
2025-09-05 10:56:43.889577+05:30,25.95,,19266150
2025-09-05 10:56:44.160289+05:30,25.95,,19266150
2025-09-05 10:56:44.418310+05:30,25.85,,19266150
2025-09-05 10:56:44.951829+05:30,25.8,,19266150
2025-09-05 10:56:45.439906+05:30,25.8,,19266150
2025-09-05 10:56:45.892587+05:30,25.9,,19266150
2025-09-05 10:56:46.414574+05:30,25.75,,19266150
2025-09-05 10:56:46.916186+05:30,25.8,,19266150
2025-09-05 10:56:47.419453+05:30,25.9,,19266150
2025-09-05 10:56:47.898733+05:30,25.8,,19266150
2025-09-05 10:56:48.468147+05:30,25.75,,19266150
2025-09-05 10:56:48.911516+05:30,25.85,,19266150
2025-09-05 10:56:49.228410+05:30,26.05,,19266150
2025-09-05 10:56:49.387468+05:30,26.2,,19266150
2025-09-05 10:56:49.914645+05:30,26.3,,19266150
2025-09-05 10:56:50.392288+05:30,26.15,,19266150
2025-09-05 10:56:50.739928+05:30,26.15,,19266150
2025-09-05 10:56:51.669869+05:30,26.2,,19266150
2025-09-05 10:56:51.949327+05:30,26.45,,19266150
2025-09-05 10:56:52.456977+05:30,26.15,,19266150
2025-09-05 10:56:52.892378+05:30,26.25,,19266150
2025-09-05 10:56:53.169251+05:30,26.15,,19266150
2025-09-05 10:56:53.649700+05:30,26.2,,19266150
2025-09-05 10:56:53.943271+05:30,26.3,,19266150
2025-09-05 10:56:54.142900+05:30,26.15,,19266150
2025-09-05 10:56:54.467123+05:30,26.2,,19266150
2025-09-05 10:56:54.941726+05:30,26.25,,19266150
2025-09-05 10:56:55.434292+05:30,26.25,,19266150
2025-09-05 10:56:55.901255+05:30,26.4,,19266150
2025-09-05 10:56:56.659390+05:30,26.35,,19266150
2025-09-05 10:56:56.914998+05:30,26.45,,19266150
2025-09-05 10:56:57.420103+05:30,26.45,,19266150
2025-09-05 10:56:57.642468+05:30,26.45,,19266150
2025-09-05 10:56:58.169830+05:30,26.45,,19266150
2025-09-05 10:56:58.778426+05:30,26.45,,19266150
2025-09-05 10:56:58.909127+05:30,26.55,,19266150
2025-09-05 10:56:59.392420+05:30,26.45,,19266150
2025-09-05 10:56:59.919815+05:30,26.55,,19266150
2025-09-05 10:57:00.705674+05:30,26.65,,19266150
2025-09-05 10:57:00.981122+05:30,26.7,,19266150
2025-09-05 10:57:01.639665+05:30,26.85,,19266150
2025-09-05 10:57:01.924287+05:30,26.9,,19266150
2025-09-05 10:57:02.680494+05:30,26.75,,19266150
2025-09-05 10:57:03.425329+05:30,26.85,,19266150
2025-09-05 10:57:03.922713+05:30,26.9,,19266150
2025-09-05 10:57:04.392492+05:30,26.95,,19266150
2025-09-05 10:57:04.919478+05:30,27.05,,19266150
2025-09-05 10:57:05.418201+05:30,27.1,,19266150
2025-09-05 10:57:05.958486+05:30,27.05,,19266150
2025-09-05 10:57:06.436262+05:30,27.15,,19266150
2025-09-05 10:57:06.963862+05:30,27.1,,19266150
2025-09-05 10:57:07.410420+05:30,27.05,,19266150
2025-09-05 10:57:08.003547+05:30,27.05,,19266150
2025-09-05 10:57:08.164308+05:30,26.95,,19266150
2025-09-05 10:57:08.444121+05:30,27.0,,19266150
2025-09-05 10:57:08.939148+05:30,26.95,,19266150
2025-09-05 10:57:09.450721+05:30,26.9,,19266150
2025-09-05 10:57:09.897906+05:30,27.05,,19266150
2025-09-05 10:57:10.426039+05:30,26.9,,19266150
2025-09-05 10:57:10.996664+05:30,26.95,,19266150
2025-09-05 10:57:11.485644+05:30,27.1,,19266150
2025-09-05 10:57:11.924334+05:30,27.0,,19266150
2025-09-05 10:57:12.390608+05:30,27.0,,19266150
2025-09-05 10:57:12.708292+05:30,27.05,,19266150
2025-09-05 10:57:12.974768+05:30,27.0,,19266150
2025-09-05 10:57:13.217204+05:30,27.0,,19266150
2025-09-05 10:57:13.420045+05:30,26.95,,19266150
2025-09-05 10:57:13.951462+05:30,26.95,,19266150
2025-09-05 10:57:14.142263+05:30,27.0,,19266150
2025-09-05 10:57:14.669447+05:30,27.05,,19266150
2025-09-05 10:57:14.926280+05:30,27.0,,19266150
2025-09-05 10:57:15.414246+05:30,27.05,,19266150
2025-09-05 10:57:15.990321+05:30,26.9,,19266150
2025-09-05 10:57:16.409136+05:30,26.65,,19266150
2025-09-05 10:57:16.944527+05:30,26.5,,19266150
2025-09-05 10:57:17.500115+05:30,26.55,,19266150
2025-09-05 10:57:17.892238+05:30,26.45,,19266150
2025-09-05 10:57:18.223877+05:30,26.55,,19266150
2025-09-05 10:57:18.457392+05:30,26.5,,19266150
2025-09-05 10:57:18.901388+05:30,26.45,,19266150
2025-09-05 10:57:19.392235+05:30,26.45,,19266150
2025-09-05 10:57:19.892130+05:30,26.45,,19266150
2025-09-05 10:57:20.392110+05:30,26.55,,19266150
2025-09-05 10:57:20.914291+05:30,26.6,,19266150
2025-09-05 10:57:21.719169+05:30,26.55,,19266150
2025-09-05 10:57:21.931628+05:30,26.55,,19266150
2025-09-05 10:57:22.656086+05:30,26.5,,19266150
2025-09-05 10:57:22.892587+05:30,26.55,,19266150
2025-09-05 10:57:23.172584+05:30,26.6,,19266150
2025-09-05 10:57:23.392138+05:30,26.55,,19266150
2025-09-05 10:57:23.938909+05:30,26.6,,19266150
2025-09-05 10:57:24.427514+05:30,26.5,,19266150
2025-09-05 10:57:24.691365+05:30,26.65,,19266150
2025-09-05 10:57:25.392263+05:30,26.6,,19266150
2025-09-05 10:57:25.966115+05:30,26.6,,19266150
2025-09-05 10:57:26.471951+05:30,26.25,,19266150
2025-09-05 10:57:26.664230+05:30,26.35,,19266150
2025-09-05 10:57:27.691863+05:30,26.3,,19266150
2025-09-05 10:57:27.943259+05:30,26.2,,19266150
2025-09-05 10:57:28.226611+05:30,26.35,,19266150
2025-09-05 10:57:28.734752+05:30,26.45,,19266150
2025-09-05 10:57:29.219522+05:30,26.55,,19266150
2025-09-05 10:57:29.892166+05:30,26.55,,19266150
2025-09-05 10:57:30.419245+05:30,26.35,,19266150
2025-09-05 10:57:30.892192+05:30,26.55,,19266150
2025-09-05 10:57:31.696986+05:30,26.6,,19266150
2025-09-05 10:57:32.450698+05:30,26.6,,19266150
2025-09-05 10:57:32.799112+05:30,26.6,,19266150
2025-09-05 10:57:33.186543+05:30,26.6,,19266150
2025-09-05 10:57:33.715099+05:30,26.55,,19266150
2025-09-05 10:57:33.944892+05:30,26.55,,19266150
2025-09-05 10:57:34.213935+05:30,26.55,,19266150
2025-09-05 10:57:34.952071+05:30,26.4,,19266150
2025-09-05 10:57:35.713326+05:30,26.5,,19266150
2025-09-05 10:57:36.497134+05:30,26.2,,19266150
2025-09-05 10:57:36.668186+05:30,26.35,,19266150
2025-09-05 10:57:37.691090+05:30,26.4,,19266150
2025-09-05 10:57:37.892184+05:30,26.45,,19266150
2025-09-05 10:57:38.293318+05:30,26.35,,19266150
2025-09-05 10:57:38.658971+05:30,26.25,,19266150
2025-09-05 10:57:38.919036+05:30,26.25,,19714350
2025-09-05 10:57:39.796834+05:30,26.3,,19714350
2025-09-05 10:57:39.935426+05:30,26.4,,19714350
2025-09-05 10:57:40.647287+05:30,26.35,,19714350
2025-09-05 10:57:40.892088+05:30,26.35,,19714350
2025-09-05 10:57:41.724840+05:30,26.4,,19714350
2025-09-05 10:57:42.392201+05:30,26.4,,19714350
2025-09-05 10:57:42.642083+05:30,26.45,,19714350
2025-09-05 10:57:42.919453+05:30,26.35,,19714350
2025-09-05 10:57:43.149117+05:30,26.45,,19714350
2025-09-05 10:57:43.642088+05:30,26.45,,19714350
2025-09-05 10:57:43.892245+05:30,26.35,,19714350
2025-09-05 10:57:44.680474+05:30,26.45,,19714350
2025-09-05 10:57:44.952339+05:30,26.35,,19714350
2025-09-05 10:57:45.637456+05:30,26.35,,19714350
2025-09-05 10:57:46.511262+05:30,26.4,,19714350
2025-09-05 10:57:46.919155+05:30,26.4,,19714350
2025-09-05 10:57:47.392061+05:30,26.45,,19714350
2025-09-05 10:57:47.670632+05:30,26.4,,19714350
2025-09-05 10:57:48.011197+05:30,26.4,,19714350
2025-09-05 10:57:48.708721+05:30,26.45,,19714350
2025-09-05 10:57:48.925913+05:30,26.45,,19714350
2025-09-05 10:57:49.167492+05:30,26.6,,19714350
2025-09-05 10:57:49.642202+05:30,26.6,,19714350
2025-09-05 10:57:49.930520+05:30,26.6,,19714350
2025-09-05 10:57:50.707544+05:30,26.5,,19714350
2025-09-05 10:57:51.493995+05:30,26.6,,19714350
2025-09-05 10:57:51.716679+05:30,26.75,,19714350
2025-09-05 10:57:52.419084+05:30,26.8,,19714350
2025-09-05 10:57:52.664122+05:30,26.9,,19714350
2025-09-05 10:57:52.990169+05:30,26.85,,19714350
2025-09-05 10:57:53.642261+05:30,26.8,,19714350
2025-09-05 10:57:53.908855+05:30,26.95,,19714350
2025-09-05 10:57:54.137620+05:30,26.95,,19714350
2025-09-05 10:57:54.771396+05:30,27.05,,19714350
2025-09-05 10:57:54.968288+05:30,27.1,,19714350
2025-09-05 10:57:55.647190+05:30,27.0,,19714350
2025-09-05 10:57:55.897466+05:30,27.15,,19714350
2025-09-05 10:57:56.478382+05:30,27.15,,19714350
2025-09-05 10:57:56.930283+05:30,27.15,,19714350
2025-09-05 10:57:57.222992+05:30,27.25,,19714350
2025-09-05 10:57:57.680137+05:30,27.2,,19714350
2025-09-05 10:57:57.942744+05:30,27.05,,19714350
2025-09-05 10:57:58.658837+05:30,27.05,,19714350
2025-09-05 10:57:58.925178+05:30,27.05,,19714350
2025-09-05 10:57:59.234115+05:30,27.0,,19714350
2025-09-05 10:57:59.744877+05:30,27.15,,19714350
2025-09-05 10:57:59.947771+05:30,27.15,,19714350
2025-09-05 10:58:00.636903+05:30,27.15,,19714350
2025-09-05 10:58:00.891950+05:30,27.3,,19714350
2025-09-05 10:58:11.052317+05:30,27.4,,19714350
2025-09-05 10:58:11.079318+05:30,27.45,,19714350
2025-09-05 10:58:11.104665+05:30,27.35,,19714350
2025-09-05 10:58:11.177342+05:30,27.4,,19714350
2025-09-05 10:58:11.221439+05:30,27.2,,19714350
2025-09-05 10:58:11.306551+05:30,27.3,,19714350
2025-09-05 10:58:11.322078+05:30,27.2,,19714350
2025-09-05 10:58:11.443266+05:30,27.2,,19714350
2025-09-05 10:58:11.533301+05:30,26.95,,19714350
2025-09-05 10:58:11.645260+05:30,27.0,,19714350
2025-09-05 10:58:11.676615+05:30,27.0,,19714350
2025-09-05 10:58:11.948072+05:30,26.7,,19714350
2025-09-05 10:58:11.999358+05:30,26.7,,19714350
2025-09-05 10:58:12.017556+05:30,26.6,,19714350
2025-09-05 10:58:12.206338+05:30,26.75,,19714350
2025-09-05 10:58:12.279151+05:30,26.7,,19714350
2025-09-05 10:58:12.353311+05:30,26.6,,19714350
2025-09-05 10:58:12.427085+05:30,26.8,,19714350
2025-09-05 10:58:12.508156+05:30,26.8,,19714350
2025-09-05 10:58:12.706565+05:30,26.85,,19714350
2025-09-05 10:58:12.878585+05:30,26.9,,19714350
2025-09-05 10:58:13.090492+05:30,26.9,,19714350
2025-09-05 10:58:13.222113+05:30,26.85,,19714350
2025-09-05 10:58:13.464483+05:30,26.95,,19714350
2025-09-05 10:58:13.731539+05:30,26.85,,19714350
2025-09-05 10:58:13.788556+05:30,26.7,,19714350
2025-09-05 10:58:13.810774+05:30,26.8,,19714350
2025-09-05 10:58:13.897804+05:30,26.65,,19714350
2025-09-05 10:58:14.063603+05:30,26.75,,19714350
2025-09-05 10:58:14.180709+05:30,26.8,,19714350
2025-09-05 10:58:14.207291+05:30,26.8,,19714350
2025-09-05 10:58:14.274731+05:30,26.8,,19714350
2025-09-05 10:58:14.773449+05:30,26.8,,19714350
2025-09-05 10:58:14.951487+05:30,26.8,,19714350
2025-09-05 10:58:15.641960+05:30,26.7,,19714350
2025-09-05 10:58:15.892187+05:30,26.65,,19714350
2025-09-05 10:58:16.696495+05:30,26.9,,19714350
2025-09-05 10:58:16.921053+05:30,26.9,,19714350
2025-09-05 10:58:17.202674+05:30,26.8,,19714350
2025-09-05 10:58:17.706976+05:30,26.9,,19714350
2025-09-05 10:58:18.019629+05:30,26.85,,19714350
2025-09-05 10:58:18.158746+05:30,26.85,,19714350
2025-09-05 10:58:18.680397+05:30,26.6,,19714350
2025-09-05 10:58:18.946775+05:30,26.7,,19714350
2025-09-05 10:58:19.679734+05:30,26.7,,19714350
2025-09-05 10:58:19.956928+05:30,26.7,,19714350
2025-09-05 10:58:20.691182+05:30,26.7,,19714350
2025-09-05 10:58:20.887210+05:30,26.7,,19714350
2025-09-05 10:58:21.404140+05:30,26.7,,19714350
2025-09-05 10:58:21.973449+05:30,26.7,,19714350
2025-09-05 10:58:22.164084+05:30,26.65,,19714350
2025-09-05 10:58:22.641853+05:30,26.7,,19714350
2025-09-05 10:58:22.916445+05:30,26.8,,19714350
2025-09-05 10:58:23.169205+05:30,26.9,,19714350
2025-09-05 10:58:23.660293+05:30,26.9,,19714350
2025-09-05 10:58:23.914227+05:30,26.95,,19714350
2025-09-05 10:58:24.658414+05:30,27.0,,19714350
2025-09-05 10:58:24.950152+05:30,26.9,,19714350
2025-09-05 10:58:25.658502+05:30,26.7,,19714350
2025-09-05 10:58:25.930109+05:30,26.9,,19714350
2025-09-05 10:58:26.490413+05:30,26.8,,19714350
2025-09-05 10:58:26.704566+05:30,26.85,,19714350
2025-09-05 10:58:26.913903+05:30,26.8,,19714350
2025-09-05 10:58:27.414362+05:30,26.75,,19714350
2025-09-05 10:58:27.690635+05:30,26.75,,19714350
2025-09-05 10:58:28.010711+05:30,26.6,,19714350
2025-09-05 10:58:28.663935+05:30,26.6,,19714350
2025-09-05 10:58:28.892214+05:30,26.6,,19714350
2025-09-05 10:58:29.669183+05:30,26.6,,19714350
2025-09-05 10:58:29.891783+05:30,26.6,,19714350
2025-09-05 10:58:30.487902+05:30,26.55,,19714350
2025-09-05 10:58:30.647495+05:30,26.6,,19714350
2025-09-05 10:58:31.430654+05:30,26.5,,19714350
2025-09-05 10:58:31.742328+05:30,26.4,,19714350
2025-09-05 10:58:31.914473+05:30,26.5,,19714350
2025-09-05 10:58:32.211693+05:30,26.5,,19714350
2025-09-05 10:58:32.673372+05:30,26.5,,19714350
2025-09-05 10:58:32.896683+05:30,26.65,,19714350
2025-09-05 10:58:33.190478+05:30,26.6,,19714350
2025-09-05 10:58:33.661048+05:30,26.7,,19714350
2025-09-05 10:58:33.949717+05:30,26.7,,19714350
2025-09-05 10:58:34.664260+05:30,26.6,,19714350
2025-09-05 10:58:34.924792+05:30,26.75,,19714350
2025-09-05 10:58:35.663756+05:30,26.8,,19714350
2025-09-05 10:58:35.920127+05:30,26.8,,19714350
2025-09-05 10:58:36.717070+05:30,26.8,,19714350
2025-09-05 10:58:36.891972+05:30,26.8,,19714350
2025-09-05 10:58:37.141699+05:30,26.75,,19714350
2025-09-05 10:58:37.708382+05:30,26.75,,19714350
2025-09-05 10:58:37.891774+05:30,26.75,,19714350
2025-09-05 10:58:38.163993+05:30,26.75,,19714350
2025-09-05 10:58:38.641652+05:30,26.85,,19714350
2025-09-05 10:58:38.891798+05:30,26.8,,19714350
2025-09-05 10:58:39.651900+05:30,26.8,,19714350
2025-09-05 10:58:39.935440+05:30,26.8,,19714350
2025-09-05 10:58:40.637671+05:30,26.85,,19714350
2025-09-05 10:58:40.913513+05:30,26.9,,19714350
2025-09-05 10:58:41.408438+05:30,27.0,,19714350
2025-09-05 10:58:41.668740+05:30,27.0,,19714350
2025-09-05 10:58:41.891789+05:30,26.9,,19714350
2025-09-05 10:58:42.419801+05:30,26.9,,19714350
2025-09-05 10:58:42.723421+05:30,26.95,,19714350
2025-09-05 10:58:42.897269+05:30,27.0,,19714350
2025-09-05 10:58:43.217937+05:30,27.05,,19714350
2025-09-05 10:58:43.707593+05:30,26.95,,19714350
2025-09-05 10:58:44.005076+05:30,27.0,,19714350
2025-09-05 10:58:44.686863+05:30,27.0,,19714350
2025-09-05 10:58:44.978407+05:30,27.05,,19714350
2025-09-05 10:59:11.079345+05:30,27.05,,19714350
2025-09-05 10:59:11.182422+05:30,26.95,,19714350
2025-09-05 10:59:11.306158+05:30,27.05,,19714350
2025-09-05 10:59:11.314648+05:30,27.05,,19714350
2025-09-05 10:59:11.505615+05:30,27.1,,19714350
2025-09-05 10:59:11.637583+05:30,27.05,,19714350
2025-09-05 10:59:11.864440+05:30,27.0,,19714350
2025-09-05 10:59:11.946362+05:30,27.0,,19714350
2025-09-05 10:59:12.042901+05:30,27.05,,19714350
2025-09-05 10:59:12.134415+05:30,27.1,,19714350
2025-09-05 10:59:12.408348+05:30,27.0,,19714350
2025-09-05 10:59:12.530253+05:30,27.05,,19714350
2025-09-05 10:59:12.645419+05:30,27.15,,19714350
2025-09-05 10:59:12.807911+05:30,27.15,,19714350
2025-09-05 10:59:12.871168+05:30,27.2,,19714350
2025-09-05 10:59:12.990173+05:30,27.2,,19714350
2025-09-05 10:59:13.048406+05:30,27.2,,19714350
2025-09-05 10:59:13.243164+05:30,27.3,,19714350
2025-09-05 10:59:13.473868+05:30,27.35,,19714350
2025-09-05 10:59:13.536139+05:30,27.25,,19714350
2025-09-05 10:59:13.690623+05:30,27.3,,19714350
2025-09-05 10:59:13.907629+05:30,27.35,,19714350
2025-09-05 10:59:14.012814+05:30,27.35,,19714350
2025-09-05 10:59:14.317649+05:30,27.25,,19714350
2025-09-05 10:59:14.445752+05:30,27.25,,19714350
2025-09-05 10:59:14.677618+05:30,27.4,,19714350
2025-09-05 10:59:14.776553+05:30,27.35,,19714350
2025-09-05 10:59:15.117285+05:30,27.35,,19714350
2025-09-05 10:59:15.151083+05:30,27.4,,19714350
2025-09-05 10:59:15.169266+05:30,27.45,,19714350
2025-09-05 10:59:15.231744+05:30,27.4,,19714350
2025-09-05 10:59:15.430182+05:30,27.45,,19714350
2025-09-05 10:59:15.619880+05:30,27.15,,19714350
2025-09-05 10:59:15.737043+05:30,27.15,,19714350
2025-09-05 10:59:15.815256+05:30,27.2,,19714350
2025-09-05 10:59:15.936836+05:30,27.2,,19714350
2025-09-05 10:59:16.169966+05:30,27.0,,19714350
2025-09-05 10:59:16.244119+05:30,27.0,,19714350
2025-09-05 10:59:16.479170+05:30,27.15,,19714350
2025-09-05 10:59:16.710286+05:30,27.2,,19714350
2025-09-05 10:59:16.985525+05:30,27.15,,19714350
2025-09-05 10:59:17.066717+05:30,27.15,,19714350
2025-09-05 10:59:17.166965+05:30,27.2,,19714350
2025-09-05 10:59:17.403836+05:30,27.2,,19714350
2025-09-05 10:59:17.425921+05:30,27.2,,19714350
2025-09-05 10:59:17.524881+05:30,27.2,,19714350
2025-09-05 10:59:17.693895+05:30,27.2,,19714350
2025-09-05 10:59:17.949336+05:30,26.8,,19714350
2025-09-05 10:59:18.249493+05:30,26.8,,19714350
2025-09-05 10:59:18.341400+05:30,26.8,,19714350
2025-09-05 10:59:18.755788+05:30,26.8,,19714350
2025-09-05 10:59:18.784085+05:30,26.85,,19714350
2025-09-05 10:59:19.090471+05:30,27.05,,19714350
2025-09-05 10:59:19.259197+05:30,26.95,,19714350
2025-09-05 10:59:19.374690+05:30,27.0,,19714350
2025-09-05 10:59:19.583050+05:30,26.9,,19714350
2025-09-05 10:59:19.682382+05:30,26.9,,19714350
2025-09-05 10:59:19.758726+05:30,26.95,,19714350
2025-09-05 10:59:19.886296+05:30,26.9,,19714350
2025-09-05 10:59:20.115209+05:30,26.9,,19714350
2025-09-05 10:59:20.304343+05:30,26.85,,19714350
2025-09-05 10:59:20.431994+05:30,27.05,,19714350
2025-09-05 10:59:20.502747+05:30,27.15,,19714350
2025-09-05 10:59:20.871266+05:30,26.9,,19714350
2025-09-05 10:59:21.024207+05:30,26.95,,19714350
2025-09-05 10:59:21.202572+05:30,26.9,,19714350
2025-09-05 10:59:21.295726+05:30,27.0,,19714350
2025-09-05 10:59:21.353889+05:30,27.0,,19714350
2025-09-05 10:59:21.486072+05:30,27.0,,19714350
2025-09-05 10:59:21.670746+05:30,27.25,,19714350
2025-09-05 10:59:21.795390+05:30,27.15,,19714350
2025-09-05 10:59:21.952323+05:30,27.2,,19714350
2025-09-05 10:59:22.047617+05:30,27.2,,19714350
2025-09-05 10:59:22.336810+05:30,27.15,,19714350
2025-09-05 10:59:22.435100+05:30,27.1,,19714350
2025-09-05 10:59:22.650203+05:30,27.2,,19714350
2025-09-05 10:59:22.745723+05:30,27.2,,19714350
2025-09-05 10:59:23.119642+05:30,27.2,,19714350
2025-09-05 10:59:23.218823+05:30,27.1,,19714350
2025-09-05 10:59:23.280776+05:30,27.1,,19714350
2025-09-05 10:59:23.451242+05:30,27.1,,19714350
2025-09-05 10:59:23.469887+05:30,27.25,,19714350
2025-09-05 10:59:23.681662+05:30,27.25,,19714350
2025-09-05 10:59:23.913910+05:30,27.15,,19714350
2025-09-05 10:59:23.940001+05:30,27.05,,19714350
2025-09-05 10:59:24.135839+05:30,27.1,,19714350
2025-09-05 10:59:24.267299+05:30,27.15,,19714350
2025-09-05 10:59:24.365339+05:30,27.1,,19714350
2025-09-05 10:59:24.492276+05:30,27.1,,19714350
2025-09-05 10:59:24.549877+05:30,27.2,,19714350
2025-09-05 10:59:24.654857+05:30,27.15,,19714350
2025-09-05 10:59:24.752627+05:30,27.15,,19714350
2025-09-05 10:59:24.983851+05:30,27.2,,19714350
2025-09-05 10:59:25.160613+05:30,27.25,,19714350
2025-09-05 10:59:25.351535+05:30,27.25,,19714350
2025-09-05 10:59:25.385880+05:30,27.2,,19714350
2025-09-05 10:59:25.518341+05:30,27.25,,19714350
2025-09-05 10:59:25.603981+05:30,27.25,,19714350
2025-09-05 10:59:25.892153+05:30,27.35,,19714350
2025-09-05 10:59:26.019217+05:30,27.5,,19714350
2025-09-05 10:59:26.037150+05:30,27.35,,19714350
2025-09-05 10:59:26.217624+05:30,27.5,,19714350
2025-09-05 10:59:26.393733+05:30,27.5,,19714350
2025-09-05 10:59:26.538270+05:30,27.45,,19714350
2025-09-05 10:59:26.745757+05:30,27.45,,19714350
2025-09-05 11:00:11.045548+05:30,27.3,,19714350
2025-09-05 11:00:11.212600+05:30,27.35,,19714350
2025-09-05 11:00:11.354911+05:30,27.35,,19714350
2025-09-05 11:00:11.462261+05:30,27.35,,19714350
2025-09-05 11:00:11.649799+05:30,27.25,,19714350
2025-09-05 11:00:11.671758+05:30,27.2,,19714350
2025-09-05 11:00:11.785455+05:30,27.3,,19714350
2025-09-05 11:00:11.839036+05:30,27.3,,19714350
2025-09-05 11:00:12.037405+05:30,27.35,,19714350
2025-09-05 11:00:12.244717+05:30,27.3,,19714350
2025-09-05 11:00:12.576605+05:30,27.15,,19714350
2025-09-05 11:00:12.813458+05:30,27.1,,19714350
2025-09-05 11:00:12.870269+05:30,26.95,,19714350
2025-09-05 11:00:12.907895+05:30,26.7,,19714350
2025-09-05 11:00:13.094573+05:30,26.7,,19714350
2025-09-05 11:00:13.143756+05:30,26.85,,19714350
2025-09-05 11:00:13.258961+05:30,26.8,,19714350
2025-09-05 11:00:13.351296+05:30,26.95,,19714350
2025-09-05 11:00:13.607258+05:30,26.9,,19714350
2025-09-05 11:00:13.680717+05:30,26.85,,19714350
2025-09-05 11:00:13.800938+05:30,27.0,,19714350
2025-09-05 11:00:13.899878+05:30,27.1,,19714350
2025-09-05 11:00:14.006764+05:30,27.0,,19714350
2025-09-05 11:00:14.332697+05:30,27.0,,19714350
2025-09-05 11:00:14.370767+05:30,27.05,,19714350
2025-09-05 11:00:14.702409+05:30,27.0,,19714350
2025-09-05 11:00:14.740816+05:30,26.95,,19714350
2025-09-05 11:00:14.994134+05:30,27.0,,19714350
2025-09-05 11:00:14.995936+05:30,27.0,,19714350
2025-09-05 11:00:15.245238+05:30,27.1,,19714350
2025-09-05 11:00:15.331843+05:30,27.1,,19714350
2025-09-05 11:00:15.622462+05:30,26.95,,19714350
2025-09-05 11:00:15.688430+05:30,26.9,,19714350
2025-09-05 11:00:15.916857+05:30,27.0,,19714350
2025-09-05 11:00:16.004578+05:30,26.9,,19714350
2025-09-05 11:00:16.032125+05:30,27.1,,19714350
2025-09-05 11:00:16.411155+05:30,26.95,,19714350
2025-09-05 11:00:16.491178+05:30,27.05,,19714350
2025-09-05 11:00:16.583312+05:30,27.0,,19714350
2025-09-05 11:00:16.606311+05:30,26.95,,19714350
2025-09-05 11:00:16.715315+05:30,27.0,,19714350
2025-09-05 11:00:16.962630+05:30,27.1,,19714350
2025-09-05 11:00:17.055730+05:30,27.1,,19714350
2025-09-05 11:00:17.274107+05:30,27.1,,19714350
2025-09-05 11:00:17.312238+05:30,27.05,,19714350
2025-09-05 11:00:17.469956+05:30,27.05,,19714350
2025-09-05 11:00:17.647319+05:30,27.05,,19714350
2025-09-05 11:00:17.678382+05:30,27.05,,19714350
2025-09-05 11:00:17.889655+05:30,27.0,,19714350
2025-09-05 11:00:18.024139+05:30,26.8,,19714350
2025-09-05 11:00:18.144078+05:30,26.8,,19714350
2025-09-05 11:00:18.225579+05:30,26.9,,19714350
2025-09-05 11:00:18.372287+05:30,26.9,,19714350
2025-09-05 11:00:18.552151+05:30,26.9,,19714350
2025-09-05 11:00:18.808391+05:30,26.85,,19714350
2025-09-05 11:00:18.866520+05:30,26.85,,19714350
2025-09-05 11:00:18.967825+05:30,26.9,,19714350
2025-09-05 11:00:19.022233+05:30,26.85,,19714350
2025-09-05 11:00:19.201504+05:30,26.9,,19714350
2025-09-05 11:00:19.369634+05:30,26.9,,19714350
2025-09-05 11:00:19.494960+05:30,26.9,,19714350
2025-09-05 11:00:19.695244+05:30,26.8,,19714350
2025-09-05 11:00:19.773495+05:30,26.85,,19714350
2025-09-05 11:00:20.067498+05:30,26.9,,19714350
2025-09-05 11:00:20.107714+05:30,26.9,,19714350
2025-09-05 11:00:20.330714+05:30,26.9,,19714350
2025-09-05 11:00:20.395870+05:30,26.85,,19714350
2025-09-05 11:00:20.445988+05:30,26.9,,19714350
2025-09-05 11:00:20.830871+05:30,26.95,,19714350
2025-09-05 11:00:20.969478+05:30,26.85,,19714350
2025-09-05 11:00:21.030337+05:30,26.85,,19714350
2025-09-05 11:00:21.280274+05:30,27.0,,19714350
2025-09-05 11:00:21.433846+05:30,27.15,,19714350
2025-09-05 11:00:21.750794+05:30,27.15,,19714350
2025-09-05 11:00:21.789024+05:30,27.15,,19714350
2025-09-05 11:00:22.129427+05:30,27.05,,19714350
2025-09-05 11:00:22.166353+05:30,27.15,,19714350
2025-09-05 11:00:22.387161+05:30,27.2,,19714350
2025-09-05 11:00:22.471544+05:30,27.2,,19714350
2025-09-05 11:00:22.554572+05:30,27.2,,19714350
2025-09-05 11:00:22.739630+05:30,27.2,,19714350
2025-09-05 11:00:22.791882+05:30,27.3,,19714350
2025-09-05 11:00:22.878042+05:30,27.3,,19714350
2025-09-05 11:00:23.314639+05:30,27.1,,19714350
2025-09-05 11:00:23.493146+05:30,27.0,,19714350
2025-09-05 11:00:23.720132+05:30,27.05,,19714350
2025-09-05 11:00:23.885945+05:30,27.4,,19714350
2025-09-05 11:00:24.182868+05:30,27.25,,19714350
2025-09-05 11:00:24.209139+05:30,27.25,,19714350
2025-09-05 11:00:24.337371+05:30,27.15,,19714350
2025-09-05 11:00:24.438158+05:30,27.1,,19714350
2025-09-05 11:00:24.502411+05:30,27.1,,19714350
2025-09-05 11:00:24.812595+05:30,27.2,,19714350
2025-09-05 11:00:24.955951+05:30,26.95,,19714350
2025-09-05 11:00:25.321151+05:30,26.95,,19714350
2025-09-05 11:00:25.364145+05:30,26.9,,19714350
2025-09-05 11:00:25.659664+05:30,27.1,,19714350
2025-09-05 11:00:25.804234+05:30,27.1,,19714350
2025-09-05 11:00:56.327260+05:30,26.85,,19714350
2025-09-05 11:00:56.440837+05:30,26.9,,19714350
2025-09-05 11:00:56.536355+05:30,26.9,,19714350
2025-09-05 11:00:56.631620+05:30,26.85,,19714350
2025-09-05 11:00:56.705195+05:30,26.85,,19714350
2025-09-05 11:00:56.833432+05:30,26.85,,19714350
2025-09-05 11:00:56.967064+05:30,26.85,,19714350
2025-09-05 11:00:56.979676+05:30,26.8,,19714350
2025-09-05 11:00:57.194298+05:30,26.8,,19714350
2025-09-05 11:00:57.414277+05:30,26.7,,19714350
2025-09-05 11:00:57.508866+05:30,26.8,,19714350
2025-09-05 11:00:57.702259+05:30,26.8,,19714350
2025-09-05 11:00:57.802489+05:30,26.9,,19714350
2025-09-05 11:00:57.942970+05:30,26.95,,19714350
2025-09-05 11:00:58.058385+05:30,27.05,,19714350
2025-09-05 11:00:58.111451+05:30,27.05,,19714350
2025-09-05 11:00:58.149342+05:30,26.9,,19714350
2025-09-05 11:00:58.220327+05:30,27.0,,19714350
2025-09-05 11:00:58.367141+05:30,27.15,,19714350
2025-09-05 11:00:58.437103+05:30,27.0,,19714350
2025-09-05 11:00:58.486185+05:30,26.95,,19714350
2025-09-05 11:00:58.629154+05:30,27.0,,19714350
2025-09-05 11:00:58.664493+05:30,27.0,,19714350
2025-09-05 11:00:58.838679+05:30,26.95,,19714350
2025-09-05 11:00:58.868380+05:30,27.05,,19714350
2025-09-05 11:00:59.092176+05:30,27.05,,19714350
2025-09-05 11:00:59.209525+05:30,27.0,,19714350
2025-09-05 11:00:59.233641+05:30,26.9,,19714350
2025-09-05 11:00:59.327212+05:30,26.95,,19714350
2025-09-05 11:00:59.433535+05:30,27.0,,19714350
2025-09-05 11:00:59.521248+05:30,27.1,,19714350
2025-09-05 11:00:59.659961+05:30,27.1,,19714350
2025-09-05 11:00:59.755948+05:30,27.0,,19714350
2025-09-05 11:00:59.856764+05:30,27.0,,19714350
2025-09-05 11:01:00.039763+05:30,27.05,,19714350
2025-09-05 11:01:00.118349+05:30,27.05,,19714350
2025-09-05 11:01:00.244577+05:30,27.05,,19714350
2025-09-05 11:01:00.466057+05:30,27.05,,19714350
2025-09-05 11:01:00.554934+05:30,27.0,,19714350
2025-09-05 11:01:00.581807+05:30,27.0,,19714350
2025-09-05 11:01:00.706951+05:30,27.0,,19714350
2025-09-05 11:01:00.954085+05:30,27.2,,19714350
2025-09-05 11:01:00.993825+05:30,27.25,,19714350
2025-09-05 11:01:01.196278+05:30,27.25,,19714350
2025-09-05 11:01:01.246739+05:30,27.3,,19714350
2025-09-05 11:01:01.442988+05:30,27.25,,19714350
2025-09-05 11:01:01.507740+05:30,27.25,,19714350
2025-09-05 11:01:01.648372+05:30,27.2,,19714350
2025-09-05 11:01:01.729020+05:30,27.3,,19714350
2025-09-05 11:01:01.740681+05:30,27.25,,19714350
2025-09-05 11:01:01.988299+05:30,27.25,,19714350
2025-09-05 11:01:02.044649+05:30,27.1,,19714350
2025-09-05 11:01:02.082736+05:30,27.25,,19714350
2025-09-05 11:01:02.254271+05:30,27.25,,19714350
2025-09-05 11:01:02.314743+05:30,27.4,,19714350
2025-09-05 11:01:02.398983+05:30,27.4,,19714350
2025-09-05 11:01:02.573471+05:30,27.4,,19714350
2025-09-05 11:01:02.676303+05:30,27.4,,19714350
2025-09-05 11:01:02.828370+05:30,27.3,,19714350
2025-09-05 11:01:02.858942+05:30,27.1,,19714350
2025-09-05 11:01:02.956255+05:30,27.0,,19714350
2025-09-05 11:01:03.034610+05:30,27.0,,19714350
2025-09-05 11:01:03.203883+05:30,27.0,,19714350
2025-09-05 11:01:03.318864+05:30,27.0,,19714350
2025-09-05 11:01:03.376833+05:30,27.05,,19714350
2025-09-05 11:01:03.479066+05:30,27.05,,19714350
2025-09-05 11:01:03.565660+05:30,26.85,,19714350
2025-09-05 11:01:03.782314+05:30,27.0,,19714350
2025-09-05 11:01:03.847463+05:30,26.95,,19714350
2025-09-05 11:01:04.090813+05:30,26.9,,19714350
2025-09-05 11:01:04.107624+05:30,27.15,,19714350
2025-09-05 11:01:04.362446+05:30,27.05,,19714350
2025-09-05 11:01:04.492193+05:30,27.2,,19714350
2025-09-05 11:01:04.707851+05:30,27.2,,19714350
2025-09-05 11:01:04.759462+05:30,27.15,,19714350
2025-09-05 11:01:04.867335+05:30,27.2,,19714350
2025-09-05 11:01:05.038349+05:30,27.2,,19714350
2025-09-05 11:01:05.130473+05:30,27.2,,19714350
2025-09-05 11:01:05.178828+05:30,27.1,,19714350
2025-09-05 11:01:05.368384+05:30,27.1,,19714350
2025-09-05 11:01:05.413943+05:30,27.15,,19714350
2025-09-05 11:01:05.502902+05:30,27.15,,19714350
2025-09-05 11:01:05.819304+05:30,27.2,,19714350
2025-09-05 11:01:05.882221+05:30,27.1,,19714350
2025-09-05 11:01:06.130127+05:30,27.25,,19714350
2025-09-05 11:01:06.227385+05:30,27.25,,19714350
2025-09-05 11:01:06.298972+05:30,27.25,,19714350
2025-09-05 11:01:06.604598+05:30,27.2,,19714350
2025-09-05 11:01:06.629540+05:30,27.2,,19714350
2025-09-05 11:01:06.721080+05:30,27.15,,19714350
2025-09-05 11:01:06.944175+05:30,27.3,,19844925
2025-09-05 11:01:06.967632+05:30,27.35,,19844925
2025-09-05 11:01:07.146750+05:30,27.4,,19844925
2025-09-05 11:01:07.347547+05:30,27.45,,19844925
2025-09-05 11:01:07.496436+05:30,27.35,,19844925
2025-09-05 11:01:07.524355+05:30,27.3,,19844925
2025-09-05 11:01:07.574949+05:30,27.35,,19844925
2025-09-05 11:01:07.663038+05:30,27.25,,19844925
2025-09-05 11:01:07.721326+05:30,27.05,,19844925
2025-09-05 11:01:07.739023+05:30,27.05,,19844925
2025-09-05 11:01:07.819280+05:30,26.9,,19844925
2025-09-05 11:01:07.925674+05:30,27.1,,19844925
2025-09-05 11:01:07.968039+05:30,27.0,,19844925
2025-09-05 11:01:08.023070+05:30,27.05,,19844925
2025-09-05 11:01:08.182945+05:30,26.9,,19844925
2025-09-05 11:01:08.236635+05:30,26.85,,19844925
2025-09-05 11:01:08.450256+05:30,26.95,,19844925
2025-09-05 11:01:08.461604+05:30,27.05,,19844925
2025-09-05 11:01:08.533635+05:30,27.0,,19844925
2025-09-05 11:01:08.673173+05:30,26.9,,19844925
2025-09-05 11:01:08.710929+05:30,26.9,,19844925
2025-09-05 11:01:08.949413+05:30,26.95,,19844925
2025-09-05 11:01:08.956708+05:30,26.85,,19844925
2025-09-05 11:01:09.029513+05:30,26.9,,19844925
2025-09-05 11:01:09.066965+05:30,26.85,,19844925
2025-09-05 11:01:09.290207+05:30,26.95,,19844925
2025-09-05 11:01:09.407604+05:30,26.9,,19844925
2025-09-05 11:01:09.459525+05:30,26.9,,19844925
2025-09-05 11:01:09.652145+05:30,27.05,,19844925
2025-09-05 11:01:09.691171+05:30,27.05,,19844925
2025-09-05 11:01:09.839410+05:30,27.0,,19844925
2025-09-05 11:01:10.004624+05:30,27.0,,19844925
2025-09-05 11:01:10.234893+05:30,26.9,,19844925
2025-09-05 11:01:10.289482+05:30,26.95,,19844925
2025-09-05 11:01:10.474665+05:30,26.9,,19844925
2025-09-05 11:01:10.633377+05:30,26.9,,19844925
2025-09-05 11:01:10.693566+05:30,26.85,,19844925
2025-09-05 11:01:10.792155+05:30,26.95,,19844925
2025-09-05 11:01:11.013274+05:30,27.0,,19844925
2025-09-05 11:01:11.141514+05:30,27.0,,19844925
2025-09-05 11:01:11.397564+05:30,27.0,,19844925
2025-09-05 11:01:11.422051+05:30,27.05,,19844925
2025-09-05 11:01:11.506905+05:30,27.0,,19844925
2025-09-05 11:01:11.673059+05:30,27.0,,19844925
2025-09-05 11:01:11.715307+05:30,26.95,,19844925
2025-09-05 11:01:11.791856+05:30,27.05,,19844925
2025-09-05 11:01:12.058155+05:30,27.1,,19844925
2025-09-05 11:01:12.147899+05:30,27.1,,19844925
2025-09-05 11:01:12.286501+05:30,27.05,,19844925
2025-09-05 11:01:12.376270+05:30,27.0,,19844925
2025-09-05 11:01:12.505416+05:30,27.15,,19844925
2025-09-05 11:01:12.631404+05:30,27.05,,19844925
2025-09-05 11:01:12.719168+05:30,27.2,,19844925
2025-09-05 11:01:12.989763+05:30,27.05,,19844925
2025-09-05 11:01:13.147269+05:30,27.1,,19844925
2025-09-05 11:01:13.204969+05:30,27.25,,19844925
2025-09-05 11:01:13.276780+05:30,27.35,,19844925
2025-09-05 11:01:13.580828+05:30,27.3,,19844925
2025-09-05 11:01:13.667583+05:30,27.3,,19844925
2025-09-05 11:01:13.803739+05:30,27.15,,19844925
2025-09-05 11:01:13.935414+05:30,27.25,,19844925
2025-09-05 11:01:14.110922+05:30,27.25,,19844925
2025-09-05 11:01:14.204713+05:30,27.3,,19844925
2025-09-05 11:01:14.345601+05:30,27.25,,19844925
2025-09-05 11:01:14.527270+05:30,27.1,,19844925
2025-09-05 11:01:14.680569+05:30,27.25,,19844925
2025-09-05 11:01:14.872051+05:30,27.0,,19844925
2025-09-05 11:01:14.945838+05:30,26.95,,19844925
2025-09-05 11:01:15.112620+05:30,27.0,,19844925
2025-09-05 11:01:15.137089+05:30,27.15,,19844925
2025-09-05 11:01:15.262957+05:30,27.05,,19844925
2025-09-05 11:01:15.333982+05:30,26.95,,19844925
2025-09-05 11:01:15.507999+05:30,27.1,,19844925
2025-09-05 11:01:15.650270+05:30,27.15,,19844925
2025-09-05 11:01:15.814981+05:30,27.05,,19844925
2025-09-05 11:01:15.997264+05:30,27.0,,19844925
2025-09-05 11:01:16.145680+05:30,27.15,,19844925
2025-09-05 11:01:16.208479+05:30,27.2,,19844925
2025-09-05 11:01:16.304388+05:30,27.3,,19844925
2025-09-05 11:01:16.341278+05:30,27.2,,19844925
2025-09-05 11:01:16.546654+05:30,27.3,,19844925
2025-09-05 11:01:16.671732+05:30,27.2,,19844925
2025-09-05 11:01:16.894247+05:30,27.35,,19844925
2025-09-05 11:01:17.042143+05:30,27.35,,19844925
2025-09-05 11:01:17.200180+05:30,27.45,,19844925
2025-09-05 11:01:17.359610+05:30,27.45,,19844925
2025-09-05 11:01:17.564404+05:30,27.45,,19844925
2025-09-05 11:01:17.664137+05:30,27.5,,19844925
2025-09-05 11:01:17.807961+05:30,27.55,,19844925
2025-09-05 11:01:17.978312+05:30,27.6,,19844925
2025-09-05 11:01:18.224653+05:30,27.6,,19844925
2025-09-05 11:01:18.304085+05:30,27.5,,19844925
2025-09-05 11:01:18.488183+05:30,27.45,,19844925
2025-09-05 11:01:18.555892+05:30,27.35,,19844925
2025-09-05 11:01:18.664321+05:30,27.35,,19844925
2025-09-05 11:01:18.712948+05:30,27.3,,19844925
2025-09-05 11:01:18.858694+05:30,27.3,,19844925
2025-09-05 11:01:18.943167+05:30,27.25,,19844925
2025-09-05 11:01:19.174905+05:30,27.3,,19844925
2025-09-05 11:01:19.637307+05:30,27.3,,19844925
2025-09-05 11:01:19.983132+05:30,27.3,,19844925
2025-09-05 11:01:20.174260+05:30,27.3,,19844925
2025-09-05 11:01:20.391388+05:30,27.25,,19844925
2025-09-05 11:01:20.656084+05:30,27.25,,19844925
2025-09-05 11:01:21.140873+05:30,27.2,,19844925
2025-09-05 11:01:21.664782+05:30,27.25,,19844925
2025-09-05 11:01:22.152860+05:30,27.25,,19844925
2025-09-05 11:01:22.392167+05:30,27.25,,19844925
2025-09-05 11:01:22.640898+05:30,27.2,,19844925
2025-09-05 11:01:23.189790+05:30,27.2,,19844925
2025-09-05 11:01:23.457657+05:30,27.2,,19844925
2025-09-05 11:01:23.670127+05:30,27.1,,19844925
2025-09-05 11:01:23.891054+05:30,27.1,,19844925
2025-09-05 11:01:24.162960+05:30,27.1,,19844925
2025-09-05 11:01:24.687416+05:30,27.25,,19844925
2025-09-05 11:01:25.214599+05:30,27.15,,19844925
2025-09-05 11:01:25.641119+05:30,26.6,,19844925
2025-09-05 11:01:26.206463+05:30,26.75,,19844925
2025-09-05 11:01:26.725923+05:30,26.8,,19844925
2025-09-05 11:01:27.141150+05:30,26.8,,19844925
2025-09-05 11:01:27.640671+05:30,26.8,,19844925
2025-09-05 11:01:28.183183+05:30,26.9,,19844925
2025-09-05 11:01:28.462349+05:30,26.9,,19844925
2025-09-05 11:01:28.676027+05:30,26.95,,19844925
2025-09-05 11:01:28.890755+05:30,26.9,,19844925
2025-09-05 11:01:29.916550+05:30,26.85,,19844925
2025-09-05 11:01:30.186829+05:30,26.9,,19844925
2025-09-05 11:01:30.386423+05:30,26.95,,19844925
2025-09-05 11:01:30.697257+05:30,26.95,,19844925
2025-09-05 11:01:31.142611+05:30,26.9,,19844925
2025-09-05 11:01:31.685397+05:30,26.9,,19844925
2025-09-05 11:01:32.136557+05:30,26.8,,19844925
2025-09-05 11:01:32.668071+05:30,26.85,,19844925
2025-09-05 11:01:33.189980+05:30,26.8,,19844925
2025-09-05 11:01:33.662735+05:30,26.85,,19844925
2025-09-05 11:01:34.168147+05:30,26.9,,19844925
2025-09-05 11:01:34.670610+05:30,26.9,,19844925
2025-09-05 11:01:35.187267+05:30,27.0,,19844925
2025-09-05 11:01:35.390715+05:30,26.95,,19844925
2025-09-05 11:01:35.717609+05:30,26.95,,19844925
2025-09-05 11:01:36.169652+05:30,26.85,,19844925
2025-09-05 11:01:36.685095+05:30,27.0,,19844925
2025-09-05 11:01:37.188773+05:30,27.1,,19844925
2025-09-05 11:01:37.892823+05:30,27.1,,19844925
2025-09-05 11:01:38.217866+05:30,27.15,,19844925
2025-09-05 11:01:38.711134+05:30,27.2,,19844925
2025-09-05 11:01:39.300676+05:30,27.25,,19844925
2025-09-05 11:01:39.657386+05:30,27.25,,19844925
2025-09-05 11:01:39.908306+05:30,27.3,,19844925
2025-09-05 11:01:40.390858+05:30,27.2,,19844925
2025-09-05 11:01:40.655348+05:30,27.3,,19844925
2025-09-05 11:01:41.167677+05:30,27.2,,19844925
2025-09-05 11:01:41.669747+05:30,27.25,,19844925
2025-09-05 11:01:42.185682+05:30,27.3,,19844925
2025-09-05 11:01:42.668309+05:30,27.05,,19844925
2025-09-05 11:01:43.206721+05:30,27.0,,19844925
2025-09-05 11:01:43.688089+05:30,26.95,,19844925
2025-09-05 11:01:44.232717+05:30,26.95,,19844925
2025-09-05 11:01:44.640753+05:30,27.05,,19844925
2025-09-05 11:01:45.190117+05:30,27.1,,19844925
2025-09-05 11:01:45.390623+05:30,27.15,,19844925
2025-09-05 11:01:45.723352+05:30,27.15,,19844925
2025-09-05 11:01:46.191240+05:30,27.15,,19844925
2025-09-05 11:01:46.680111+05:30,27.2,,19844925
2025-09-05 11:01:47.215960+05:30,27.2,,19844925
2025-09-05 11:01:47.643482+05:30,27.15,,19844925
2025-09-05 11:01:48.140733+05:30,27.15,,19844925
2025-09-05 11:01:48.442920+05:30,27.15,,19844925
2025-09-05 11:01:48.640713+05:30,27.2,,19844925
2025-09-05 11:01:49.155800+05:30,27.15,,19844925
2025-09-05 11:01:49.640569+05:30,27.1,,19844925
2025-09-05 11:01:49.903411+05:30,27.05,,19844925
2025-09-05 11:01:50.412952+05:30,26.95,,19844925
2025-09-05 11:01:50.665911+05:30,27.0,,19844925
2025-09-05 11:01:51.252628+05:30,27.1,,19844925
2025-09-05 11:01:51.729646+05:30,27.1,,19844925
2025-09-05 11:01:52.142466+05:30,27.05,,19844925
2025-09-05 11:01:52.662507+05:30,27.25,,19844925
2025-09-05 11:01:53.158254+05:30,27.15,,19844925
2025-09-05 11:01:53.679395+05:30,27.1,,19844925
2025-09-05 11:01:54.166267+05:30,27.1,,19844925
2025-09-05 11:01:54.669109+05:30,27.05,,19844925
2025-09-05 11:01:54.910300+05:30,27.05,,19844925
2025-09-05 11:01:55.390532+05:30,27.15,,19844925
2025-09-05 11:01:55.647612+05:30,27.15,,19844925
2025-09-05 11:01:56.161299+05:30,27.2,,19844925
2025-09-05 11:01:56.396210+05:30,27.25,,19844925
2025-09-05 11:01:56.917749+05:30,27.35,,19844925
2025-09-05 11:01:57.687171+05:30,27.25,,19844925
2025-09-05 11:01:58.153056+05:30,27.25,,19844925
2025-09-05 11:01:58.685881+05:30,27.35,,19844925
2025-09-05 11:01:59.189185+05:30,27.35,,19844925
2025-09-05 11:01:59.640486+05:30,27.35,,19844925
2025-09-05 11:02:00.185452+05:30,27.3,,19844925
2025-09-05 11:02:00.683660+05:30,27.3,,19844925
2025-09-05 11:02:00.901884+05:30,27.45,,19844925
2025-09-05 11:02:01.140961+05:30,27.3,,19844925
2025-09-05 11:02:01.414860+05:30,27.3,,19844925
2025-09-05 11:02:01.686727+05:30,27.3,,19844925
2025-09-05 11:02:02.209430+05:30,27.35,,19844925
2025-09-05 11:02:02.646371+05:30,27.35,,19844925
2025-09-05 11:02:03.219688+05:30,27.35,,19844925
2025-09-05 11:02:03.711191+05:30,27.3,,19844925
2025-09-05 11:02:04.162786+05:30,27.35,,19844925
2025-09-05 11:02:04.675906+05:30,27.25,,19844925
2025-09-05 11:02:05.239955+05:30,27.35,,19844925
2025-09-05 11:02:05.689681+05:30,27.3,,19844925
2025-09-05 11:02:06.135882+05:30,27.2,,19844925
2025-09-05 11:02:06.640581+05:30,27.3,,19844925
2025-09-05 11:02:07.219409+05:30,27.3,,19844925
2025-09-05 11:02:07.640762+05:30,27.15,,19844925
2025-09-05 11:02:07.890834+05:30,27.3,,19844925
2025-09-05 11:02:08.390940+05:30,27.35,,19844925
2025-09-05 11:02:08.701234+05:30,27.4,,19844925
2025-09-05 11:02:09.244902+05:30,27.5,,19844925
2025-09-05 11:02:09.445702+05:30,27.65,,19844925
2025-09-05 11:02:09.934155+05:30,27.75,,19844925
2025-09-05 11:02:10.157802+05:30,27.65,,19844925
2025-09-05 11:02:10.753524+05:30,27.75,,19844925
2025-09-05 11:02:11.142604+05:30,27.65,,19844925
2025-09-05 11:02:11.716884+05:30,27.45,,19844925
2025-09-05 11:02:12.184713+05:30,27.45,,19844925
2025-09-05 11:02:12.675256+05:30,27.4,,19844925
2025-09-05 11:02:12.945726+05:30,27.45,,19844925
2025-09-05 11:02:13.694268+05:30,27.35,,19844925
2025-09-05 11:02:14.198787+05:30,27.3,,19844925
2025-09-05 11:02:14.418168+05:30,27.1,,19844925
2025-09-05 11:02:14.645362+05:30,27.15,,19844925
2025-09-05 11:02:15.164529+05:30,27.05,,19844925
2025-09-05 11:02:15.392638+05:30,27.2,,19844925
2025-09-05 11:02:15.727979+05:30,27.2,,19844925
2025-09-05 11:02:16.227373+05:30,27.05,,19844925
2025-09-05 11:02:16.433866+05:30,27.0,,19844925
2025-09-05 11:02:16.729126+05:30,27.2,,19844925
2025-09-05 11:02:16.990063+05:30,27.1,,19844925
2025-09-05 11:02:17.202125+05:30,27.05,,19844925
2025-09-05 11:02:17.642640+05:30,27.1,,19844925
2025-09-05 11:02:17.988511+05:30,27.1,,19844925
2025-09-05 11:02:18.174124+05:30,27.15,,19844925
2025-09-05 11:02:18.645427+05:30,27.15,,19844925
2025-09-05 11:02:19.196491+05:30,27.15,,19844925
2025-09-05 11:02:19.434247+05:30,27.1,,19844925
2025-09-05 11:02:19.658150+05:30,27.15,,19844925
2025-09-05 11:02:20.183625+05:30,27.1,,19844925
2025-09-05 11:02:20.694440+05:30,27.1,,19844925
2025-09-05 11:02:21.212236+05:30,27.05,,19844925
2025-09-05 11:02:21.731667+05:30,27.2,,19844925
2025-09-05 11:02:22.178849+05:30,27.2,,19844925
2025-09-05 11:02:22.662327+05:30,27.1,,19844925
2025-09-05 11:02:23.163414+05:30,27.15,,19844925
2025-09-05 11:02:23.647300+05:30,27.1,,19844925
2025-09-05 11:02:24.176485+05:30,27.1,,19844925
2025-09-05 11:02:24.390279+05:30,27.1,,19844925
2025-09-05 11:02:24.658442+05:30,27.1,,19844925
2025-09-05 11:02:25.196593+05:30,27.2,,19844925
2025-09-05 11:02:25.894150+05:30,27.15,,19844925
2025-09-05 11:02:26.658473+05:30,27.15,,19844925
2025-09-05 11:02:26.929106+05:30,27.0,,19844925
2025-09-05 11:02:27.240349+05:30,27.1,,19844925
2025-09-05 11:02:27.408948+05:30,27.2,,19844925
2025-09-05 11:02:27.640296+05:30,27.15,,19844925
2025-09-05 11:02:28.199024+05:30,27.2,,19844925
2025-09-05 11:02:28.689473+05:30,27.2,,19844925
2025-09-05 11:02:29.140348+05:30,27.2,,19844925
2025-09-05 11:02:29.707302+05:30,27.05,,19844925
2025-09-05 11:02:30.174826+05:30,27.15,,19844925
2025-09-05 11:02:30.440544+05:30,27.15,,19844925
2025-09-05 11:02:30.640489+05:30,27.15,,19844925
2025-09-05 11:02:31.192769+05:30,27.1,,19844925
2025-09-05 11:02:31.663595+05:30,27.2,,19844925
2025-09-05 11:02:32.168099+05:30,27.15,,19844925
2025-09-05 11:02:32.468128+05:30,27.15,,19844925
2025-09-05 11:02:32.640247+05:30,27.1,,19844925
2025-09-05 11:02:32.912405+05:30,27.1,,19844925
2025-09-05 11:02:33.653291+05:30,27.05,,19844925
2025-09-05 11:02:34.223937+05:30,27.0,,19844925
2025-09-05 11:02:34.671959+05:30,26.9,,19844925
2025-09-05 11:02:35.162359+05:30,26.95,,19844925
2025-09-05 11:02:35.679942+05:30,26.9,,19844925
2025-09-05 11:02:36.164771+05:30,26.9,,19844925
2025-09-05 11:02:36.667921+05:30,26.85,,19844925
2025-09-05 11:02:37.140499+05:30,26.8,,19844925
2025-09-05 11:02:37.641453+05:30,26.9,,19844925
2025-09-05 11:02:38.194580+05:30,26.8,,19844925
2025-09-05 11:02:38.641466+05:30,26.85,,19844925
2025-09-05 11:02:38.966177+05:30,26.85,,19844925
2025-09-05 11:02:39.140261+05:30,26.85,,19844925
2025-09-05 11:02:39.390516+05:30,26.85,,19844925
2025-09-05 11:02:39.682516+05:30,26.6,,19844925
2025-09-05 11:02:39.924449+05:30,26.55,,19844925
2025-09-05 11:02:40.649693+05:30,26.55,,19844925
2025-09-05 11:02:41.205299+05:30,26.6,,19844925
2025-09-05 11:02:41.635715+05:30,26.65,,19844925
2025-09-05 11:02:42.240490+05:30,26.65,,19844925
2025-09-05 11:02:42.387441+05:30,26.7,,19844925
2025-09-05 11:02:42.992075+05:30,26.8,,19844925
2025-09-05 11:02:43.667071+05:30,26.75,,19844925
2025-09-05 11:02:43.915277+05:30,26.75,,19844925
2025-09-05 11:02:44.154508+05:30,26.85,,19844925
2025-09-05 11:02:44.682718+05:30,26.8,,19844925
2025-09-05 11:02:45.145349+05:30,26.8,,19844925
2025-09-05 11:02:45.390330+05:30,26.7,,19844925
2025-09-05 11:02:45.681775+05:30,26.7,,19844925
2025-09-05 11:02:46.165479+05:30,26.7,,19844925
2025-09-05 11:02:46.701787+05:30,26.65,,19844925
2025-09-05 11:02:47.170396+05:30,26.6,,19844925
2025-09-05 11:02:47.669820+05:30,26.55,,19844925
2025-09-05 11:02:48.187164+05:30,26.55,,19844925
2025-09-05 11:02:48.737960+05:30,26.5,,19844925
2025-09-05 11:02:48.930886+05:30,26.65,,19844925
2025-09-05 11:02:49.404910+05:30,26.55,,19844925
2025-09-05 11:02:49.637260+05:30,26.7,,19844925
2025-09-05 11:02:50.144699+05:30,26.7,,19844925
2025-09-05 11:02:50.430073+05:30,26.8,,19844925
2025-09-05 11:02:50.640250+05:30,26.8,,19844925
2025-09-05 11:02:51.140233+05:30,26.75,,19844925
2025-09-05 11:02:51.921365+05:30,26.65,,19844925
2025-09-05 11:02:52.211932+05:30,26.65,,19844925
2025-09-05 11:02:52.651907+05:30,26.65,,19844925
2025-09-05 11:02:53.412137+05:30,26.7,,19844925
2025-09-05 11:02:53.640320+05:30,26.65,,19844925
2025-09-05 11:02:53.913223+05:30,26.8,,19844925
2025-09-05 11:02:54.135277+05:30,26.8,,19844925
2025-09-05 11:02:54.917414+05:30,26.75,,19844925
2025-09-05 11:02:55.154473+05:30,26.6,,19844925
2025-09-05 11:02:55.423512+05:30,26.6,,19844925
2025-09-05 11:02:55.890334+05:30,26.55,,19844925
2025-09-05 11:02:56.135987+05:30,26.6,,19844925
2025-09-05 11:02:56.895708+05:30,26.65,,19844925
2025-09-05 11:02:57.161362+05:30,26.75,,19844925
2025-09-05 11:02:57.678822+05:30,26.55,,19844925
2025-09-05 11:02:58.157387+05:30,26.55,,19844925
2025-09-05 11:02:58.688507+05:30,26.65,,19844925
2025-09-05 11:02:59.209796+05:30,26.55,,19844925
2025-09-05 11:02:59.413540+05:30,26.55,,19844925
2025-09-05 11:02:59.907703+05:30,26.5,,19844925
2025-09-05 11:03:00.141923+05:30,26.6,,19844925
2025-09-05 11:03:00.533244+05:30,26.5,,19844925
2025-09-05 11:03:00.647101+05:30,26.5,,19844925
2025-09-05 11:03:00.977127+05:30,26.6,,19844925
2025-09-05 11:03:01.135875+05:30,26.5,,19844925
2025-09-05 11:03:02.029962+05:30,26.4,,19844925
2025-09-05 11:03:02.140493+05:30,26.55,,19844925
2025-09-05 11:03:02.667558+05:30,26.4,,19844925
2025-09-05 11:03:03.140858+05:30,26.5,,19844925
2025-09-05 11:03:03.670533+05:30,26.55,,19844925
2025-09-05 11:03:04.245066+05:30,26.55,,19844925
2025-09-05 11:03:05.039198+05:30,26.65,,19844925
2025-09-05 11:03:05.140255+05:30,26.65,,19844925
2025-09-05 11:03:05.971567+05:30,26.5,,19844925
2025-09-05 11:03:06.929131+05:30,26.55,,19844925
2025-09-05 11:03:07.140147+05:30,26.5,,19844925
2025-09-05 11:03:07.655693+05:30,26.65,,19844925
2025-09-05 11:03:08.165632+05:30,26.55,,19844925
2025-09-05 11:03:08.983571+05:30,26.45,,19844925
2025-09-05 11:03:09.152367+05:30,26.5,,19844925
2025-09-05 11:03:09.902370+05:30,26.55,,19844925
2025-09-05 11:03:10.270446+05:30,26.65,,19844925
2025-09-05 11:03:10.428078+05:30,26.65,,19844925
2025-09-05 11:03:10.890236+05:30,26.65,,19844925
2025-09-05 11:03:11.192532+05:30,26.7,,19844925
2025-09-05 11:03:12.016645+05:30,26.6,,19844925
2025-09-05 11:03:12.140396+05:30,26.6,,19844925
2025-09-05 11:03:12.423780+05:30,26.65,,19844925
2025-09-05 11:03:12.890211+05:30,26.4,,19844925
2025-09-05 11:03:13.390194+05:30,26.4,,19844925
2025-09-05 11:03:13.922386+05:30,26.35,,19844925
2025-09-05 11:03:14.190552+05:30,26.35,,19844925
2025-09-05 11:03:15.025691+05:30,26.4,,19844925
2025-09-05 11:03:15.140582+05:30,26.35,,19844925
2025-09-05 11:03:15.400082+05:30,26.45,,19844925
2025-09-05 11:03:15.649746+05:30,26.5,,19844925
2025-09-05 11:03:16.135844+05:30,26.45,,19844925
2025-09-05 11:03:16.690217+05:30,26.45,,19844925
2025-09-05 11:03:17.199317+05:30,26.45,,19844925
2025-09-05 11:03:17.391208+05:30,26.55,,19844925
2025-09-05 11:03:17.927855+05:30,26.6,,19844925
2025-09-05 11:03:18.158001+05:30,26.55,,19844925
2025-09-05 11:03:18.933518+05:30,26.5,,19844925
2025-09-05 11:03:19.156809+05:30,26.5,,19844925
2025-09-05 11:03:19.934710+05:30,26.55,,19844925
2025-09-05 11:03:20.209820+05:30,26.5,,19844925
2025-09-05 11:03:20.390051+05:30,26.45,,19844925
2025-09-05 11:03:20.974476+05:30,26.45,,19844925
2025-09-05 11:03:21.653394+05:30,26.45,,19844925
2025-09-05 11:03:22.141485+05:30,26.35,,19844925
2025-09-05 11:03:22.987190+05:30,26.45,,19844925
2025-09-05 11:03:23.202255+05:30,26.4,,19844925
2025-09-05 11:03:23.412940+05:30,26.4,,19844925
2025-09-05 11:03:23.973284+05:30,26.45,,19844925
2025-09-05 11:03:24.139395+05:30,26.4,,19844925
2025-09-05 11:03:25.005136+05:30,26.4,,19844925
2025-09-05 11:03:25.270075+05:30,26.4,,19844925
2025-09-05 11:03:25.412169+05:30,26.35,,19844925
2025-09-05 11:03:25.890674+05:30,26.4,,19844925
2025-09-05 11:03:26.162121+05:30,26.45,,19844925
2025-09-05 11:03:26.668472+05:30,26.45,,19844925
2025-09-05 11:03:27.167565+05:30,26.5,,19844925
2025-09-05 11:03:28.004309+05:30,26.45,,19844925
2025-09-05 11:03:28.219222+05:30,26.65,,19844925
2025-09-05 11:03:28.442237+05:30,26.5,,19844925
2025-09-05 11:03:28.678137+05:30,26.45,,19844925
2025-09-05 11:03:28.994590+05:30,26.25,,19844925
2025-09-05 11:03:29.942606+05:30,26.15,,19844925
2025-09-05 11:03:30.661903+05:30,26.15,,19844925
2025-09-05 11:03:30.963668+05:30,26.2,,19844925
2025-09-05 11:03:31.162051+05:30,26.05,,19844925
2025-09-05 11:03:31.635329+05:30,26.0,,19844925
2025-09-05 11:03:31.885953+05:30,26.05,,19844925
2025-09-05 11:03:32.168516+05:30,26.05,,19844925
2025-09-05 11:03:32.912078+05:30,26.0,,19844925
2025-09-05 11:03:33.140323+05:30,26.0,,19844925
2025-09-05 11:03:33.447092+05:30,25.95,,19844925
2025-09-05 11:03:33.646293+05:30,25.95,,19844925
2025-09-05 11:03:33.894557+05:30,26.0,,19844925
2025-09-05 11:03:34.916812+05:30,25.95,,19844925
2025-09-05 11:03:35.167751+05:30,25.8,,19844925
2025-09-05 11:03:35.390068+05:30,25.95,,19844925
2025-09-05 11:03:35.917936+05:30,26.1,,19844925
2025-09-05 11:03:36.185213+05:30,25.9,,19844925
2025-09-05 11:03:36.656772+05:30,25.95,,19844925
2025-09-05 11:03:37.207454+05:30,25.75,,19844925
2025-09-05 11:03:37.906801+05:30,25.85,,19844925
2025-09-05 11:03:38.142571+05:30,25.75,,19844925
2025-09-05 11:03:38.403164+05:30,25.85,,19844925
2025-09-05 11:03:38.689958+05:30,25.9,,19844925
2025-09-05 11:03:38.889957+05:30,25.8,,19844925
2025-09-05 11:03:39.890003+05:30,25.6,,19844925
2025-09-05 11:03:40.174398+05:30,25.65,,20388900
2025-09-05 11:03:40.952341+05:30,25.7,,20388900
2025-09-05 11:03:41.162874+05:30,25.8,,20388900
2025-09-05 11:03:41.657729+05:30,26.1,,20388900
2025-09-05 11:03:41.889937+05:30,26.05,,20388900
2025-09-05 11:03:42.183281+05:30,26.1,,20388900
2025-09-05 11:03:42.958811+05:30,26.1,,20388900
2025-09-05 11:03:43.140311+05:30,26.1,,20388900
2025-09-05 11:03:43.689046+05:30,26.05,,20388900
2025-09-05 11:03:44.175516+05:30,26.0,,20388900
2025-09-05 11:03:44.976340+05:30,26.1,,20388900
2025-09-05 11:03:45.204807+05:30,26.25,,20388900
2025-09-05 11:03:45.389937+05:30,26.2,,20388900
2025-09-05 11:03:45.971391+05:30,26.2,,20388900
2025-09-05 11:03:46.217157+05:30,26.05,,20388900
2025-09-05 11:03:46.639875+05:30,26.0,,20388900
2025-09-05 11:03:46.889938+05:30,25.95,,20388900
2025-09-05 11:03:47.140106+05:30,25.9,,20388900
2025-09-05 11:03:47.933938+05:30,25.9,,20388900
2025-09-05 11:03:48.139931+05:30,25.75,,20388900
2025-09-05 11:03:48.426294+05:30,25.8,,20388900
2025-09-05 11:03:48.659342+05:30,25.8,,20388900
2025-09-05 11:03:49.213087+05:30,25.85,,20388900
2025-09-05 11:03:49.890029+05:30,25.8,,20388900
2025-09-05 11:03:50.140346+05:30,25.8,,20388900
2025-09-05 11:03:50.466391+05:30,25.8,,20388900
2025-09-05 11:03:50.918328+05:30,25.8,,20388900
2025-09-05 11:03:51.136791+05:30,25.8,,20388900
2025-09-05 11:03:51.665517+05:30,25.7,,20388900
2025-09-05 11:03:51.896548+05:30,25.65,,20388900
2025-09-05 11:03:52.172592+05:30,25.7,,20388900
2025-09-05 11:03:52.898843+05:30,25.45,,20388900
2025-09-05 11:03:53.139927+05:30,25.35,,20388900
2025-09-05 11:03:53.913516+05:30,25.3,,20388900
2025-09-05 11:03:54.917186+05:30,25.35,,20388900
2025-09-05 11:03:55.137824+05:30,25.35,,20388900
2025-09-05 11:03:55.457380+05:30,25.4,,20388900
2025-09-05 11:03:55.915954+05:30,25.55,,20388900
2025-09-05 11:03:56.231268+05:30,25.5,,20388900
2025-09-05 11:03:56.663295+05:30,25.5,,20388900
2025-09-05 11:03:56.947536+05:30,25.6,,20388900
2025-09-05 11:03:57.135663+05:30,25.6,,20388900
2025-09-05 11:03:57.911893+05:30,25.5,,20388900
2025-09-05 11:03:58.171492+05:30,25.6,,20388900
2025-09-05 11:03:58.432774+05:30,25.7,,20388900
2025-09-05 11:03:58.887442+05:30,25.7,,20388900
2025-09-05 11:03:59.178555+05:30,25.7,,20388900
2025-09-05 11:03:59.946231+05:30,25.65,,20388900
2025-09-05 11:04:00.154299+05:30,25.75,,20388900
2025-09-05 11:04:00.464796+05:30,25.75,,20388900
2025-09-05 11:04:00.657092+05:30,25.75,,20388900
2025-09-05 11:04:00.921822+05:30,25.7,,20388900
2025-09-05 11:04:01.222852+05:30,25.8,,20388900
2025-09-05 11:04:01.640584+05:30,25.65,,20388900
2025-09-05 11:04:01.922324+05:30,25.85,,20388900
2025-09-05 11:04:02.950887+05:30,26.05,,20388900
2025-09-05 11:04:03.152281+05:30,26.0,,20388900
2025-09-05 11:04:03.389960+05:30,25.85,,20388900
2025-09-05 11:04:03.953598+05:30,25.85,,20388900
2025-09-05 11:04:04.140028+05:30,25.9,,20388900
2025-09-05 11:04:04.920676+05:30,26.1,,20388900
2025-09-05 11:04:05.223905+05:30,26.15,,20388900
2025-09-05 11:04:05.395394+05:30,26.15,,20388900
2025-09-05 11:04:05.919586+05:30,26.25,,20388900
2025-09-05 11:04:06.247355+05:30,26.1,,20388900
2025-09-05 11:04:06.676976+05:30,26.15,,20388900
2025-09-05 11:04:06.899086+05:30,26.2,,20388900
2025-09-05 11:04:07.161241+05:30,26.25,,20388900
2025-09-05 11:04:07.934110+05:30,26.3,,20388900
2025-09-05 11:04:08.179793+05:30,26.25,,20388900
2025-09-05 11:04:08.422294+05:30,26.15,,20388900
2025-09-05 11:04:08.926320+05:30,26.15,,20388900
2025-09-05 11:04:09.139976+05:30,26.2,,20388900
2025-09-05 11:04:09.946873+05:30,26.35,,20388900
2025-09-05 11:04:10.190435+05:30,26.3,,20388900
2025-09-05 11:04:10.910295+05:30,26.45,,20388900
2025-09-05 11:04:11.175368+05:30,26.3,,20388900
2025-09-05 11:04:11.634844+05:30,26.25,,20388900
2025-09-05 11:04:11.929927+05:30,26.1,,20388900
2025-09-05 11:04:12.886562+05:30,26.1,,20388900
2025-09-05 11:04:13.166497+05:30,25.95,,20388900
2025-09-05 11:04:13.390392+05:30,26.1,,20388900
2025-09-05 11:04:13.917827+05:30,26.0,,20388900
2025-09-05 11:04:14.889833+05:30,26.2,,20388900
2025-09-05 11:04:15.178782+05:30,26.15,,20388900
2025-09-05 11:04:15.889615+05:30,26.2,,20388900
2025-09-05 11:04:16.199490+05:30,26.25,,20388900
2025-09-05 11:04:16.386598+05:30,26.25,,20388900
2025-09-05 11:04:16.639997+05:30,26.35,,20388900
2025-09-05 11:04:17.195150+05:30,26.35,,20388900
2025-09-05 11:04:17.999433+05:30,26.3,,20388900
2025-09-05 11:04:18.146843+05:30,26.45,,20388900
2025-09-05 11:04:18.890166+05:30,26.4,,20388900
2025-09-05 11:04:19.184260+05:30,26.5,,20388900
2025-09-05 11:04:19.894501+05:30,26.5,,20388900
2025-09-05 11:04:20.137569+05:30,26.45,,20388900
2025-09-05 11:04:20.885172+05:30,26.5,,20388900
2025-09-05 11:04:21.192669+05:30,26.5,,20388900
2025-09-05 11:04:21.407458+05:30,26.55,,20388900
2025-09-05 11:04:21.656929+05:30,26.45,,20388900
2025-09-05 11:04:22.159575+05:30,26.5,,20388900
2025-09-05 11:04:22.911518+05:30,26.75,,20388900
2025-09-05 11:04:23.159892+05:30,26.65,,20388900
2025-09-05 11:04:23.400559+05:30,26.7,,20388900
2025-09-05 11:04:23.939527+05:30,26.6,,20388900
2025-09-05 11:04:24.221786+05:30,26.6,,20388900
2025-09-05 11:04:24.928472+05:30,26.65,,20388900
2025-09-05 11:04:25.193033+05:30,26.65,,20388900
2025-09-05 11:04:25.890127+05:30,26.9,,20388900
2025-09-05 11:04:26.155091+05:30,26.85,,20388900
2025-09-05 11:04:26.414958+05:30,26.9,,20388900
2025-09-05 11:04:26.920923+05:30,26.95,,20388900
2025-09-05 11:04:27.140585+05:30,26.85,,20388900
2025-09-05 11:04:28.005627+05:30,26.95,,20388900
2025-09-05 11:04:28.232095+05:30,26.95,,20388900
2025-09-05 11:04:28.392274+05:30,26.95,,20388900
2025-09-05 11:04:28.917492+05:30,26.95,,20388900
2025-09-05 11:04:29.158696+05:30,26.95,,20388900
2025-09-05 11:04:29.634773+05:30,27.0,,20388900
2025-09-05 11:04:29.906420+05:30,26.9,,20388900
2025-09-05 11:04:30.164030+05:30,27.0,,20388900
2025-09-05 11:04:30.480035+05:30,27.0,,20388900
2025-09-05 11:04:31.428590+05:30,29.25,,20388900
2025-09-05 11:04:31.644971+05:30,29.1,,20388900
2025-09-05 11:04:31.889545+05:30,28.95,,20388900
2025-09-05 11:04:32.145709+05:30,28.85,,20388900
2025-09-05 11:04:32.963667+05:30,29.05,,20388900
2025-09-05 11:04:33.153358+05:30,28.95,,20388900
2025-09-05 11:04:33.389568+05:30,29.0,,20388900
2025-09-05 11:04:33.898116+05:30,29.0,,20388900
2025-09-05 11:04:34.162273+05:30,28.85,,20388900
2025-09-05 11:04:34.635037+05:30,28.8,,20388900
2025-09-05 11:04:34.930556+05:30,28.9,,20388900
2025-09-05 11:04:35.186544+05:30,28.8,,20388900
2025-09-05 11:04:35.927083+05:30,28.3,,20388900
2025-09-05 11:04:36.198354+05:30,28.4,,20388900
2025-09-05 11:04:36.389697+05:30,28.35,,20388900
2025-09-05 11:04:36.913163+05:30,28.45,,20388900
2025-09-05 11:04:37.159526+05:30,28.35,,20388900
2025-09-05 11:04:37.933102+05:30,28.45,,20388900
2025-09-05 11:04:38.157075+05:30,28.5,,20388900
2025-09-05 11:04:38.389607+05:30,28.45,,20388900
2025-09-05 11:04:38.905596+05:30,28.45,,20388900
2025-09-05 11:04:39.159925+05:30,28.4,,20388900
2025-09-05 11:04:39.634694+05:30,28.35,,20388900
2025-09-05 11:04:39.964326+05:30,28.25,,20388900
2025-09-05 11:04:40.211137+05:30,28.35,,20388900
2025-09-05 11:04:40.951156+05:30,28.4,,20388900
2025-09-05 11:04:41.156985+05:30,28.35,,20388900
2025-09-05 11:04:41.434937+05:30,28.45,,20388900
2025-09-05 11:04:41.930334+05:30,28.45,,20388900
2025-09-05 11:04:42.145367+05:30,28.55,,20388900
2025-09-05 11:04:42.936605+05:30,28.45,,20388900
2025-09-05 11:04:43.170293+05:30,28.55,,20388900
2025-09-05 11:04:43.639619+05:30,28.6,,20388900
2025-09-05 11:04:43.901610+05:30,28.5,,20388900
2025-09-05 11:04:44.192543+05:30,28.55,,20388900
2025-09-05 11:04:44.661196+05:30,28.4,,20388900
2025-09-05 11:04:44.914714+05:30,28.5,,20388900
2025-09-05 11:04:45.189308+05:30,28.55,,20388900
2025-09-05 11:04:45.916533+05:30,28.2,,20388900
2025-09-05 11:04:46.198310+05:30,28.3,,20388900
2025-09-05 11:04:46.656606+05:30,28.25,,20388900
2025-09-05 11:04:46.911344+05:30,28.2,,20388900
2025-09-05 11:04:47.141446+05:30,28.3,,20388900
2025-09-05 11:04:47.922223+05:30,28.25,,20388900
2025-09-05 11:04:48.145151+05:30,28.4,,20388900
2025-09-05 11:04:48.389532+05:30,28.4,,20388900
2025-09-05 11:04:48.936413+05:30,28.25,,20388900
2025-09-05 11:04:49.205567+05:30,28.3,,20388900
2025-09-05 11:04:49.672824+05:30,28.55,,20388900
2025-09-05 11:04:49.933225+05:30,28.5,,20388900
2025-09-05 11:04:50.162658+05:30,28.45,,20388900
2025-09-05 11:04:50.971514+05:30,28.5,,20388900
2025-09-05 11:04:51.214431+05:30,28.6,,20388900
2025-09-05 11:04:51.406072+05:30,28.65,,20388900
2025-09-05 11:04:51.639438+05:30,28.65,,20388900
2025-09-05 11:04:51.916686+05:30,28.65,,20388900
2025-09-05 11:04:52.140173+05:30,28.6,,20388900
2025-09-05 11:04:52.895002+05:30,28.75,,20388900
2025-09-05 11:04:53.245810+05:30,28.65,,20388900
2025-09-05 11:04:53.386448+05:30,28.8,,20388900
2025-09-05 11:04:53.894606+05:30,28.7,,20388900
2025-09-05 11:04:54.169280+05:30,28.85,,20388900
2025-09-05 11:04:54.697985+05:30,28.75,,20388900
2025-09-05 11:04:54.889727+05:30,28.75,,20388900
2025-09-05 11:04:55.167459+05:30,28.75,,20388900
2025-09-05 11:04:55.911933+05:30,28.8,,20388900
2025-09-05 11:04:56.188382+05:30,28.7,,20388900
2025-09-05 11:04:56.389564+05:30,28.8,,20388900
2025-09-05 11:04:56.639434+05:30,28.75,,20388900
2025-09-05 11:04:56.890573+05:30,28.7,,20388900
2025-09-05 11:04:57.166396+05:30,28.8,,20388900
2025-09-05 11:04:57.889525+05:30,28.85,,20388900
2025-09-05 11:04:58.200088+05:30,28.8,,20388900
2025-09-05 11:04:58.433558+05:30,28.7,,20388900
2025-09-05 11:04:58.922634+05:30,28.9,,20388900
2025-09-05 11:04:59.180824+05:30,29.0,,20388900
2025-09-05 11:04:59.655748+05:30,29.35,,20388900
2025-09-05 11:04:59.911302+05:30,29.45,,20388900
2025-09-05 11:05:00.162926+05:30,29.5,,20388900
2025-09-05 11:05:00.512951+05:30,29.5,,20388900
2025-09-05 11:05:00.890488+05:30,29.4,,20388900
2025-09-05 11:05:01.213641+05:30,29.1,,20388900
2025-09-05 11:05:01.634856+05:30,29.15,,20388900
2025-09-05 11:05:01.897795+05:30,29.1,,20388900
2025-09-05 11:05:02.161454+05:30,29.2,,20388900
2025-09-05 11:05:02.890233+05:30,29.2,,20388900
2025-09-05 11:05:03.222322+05:30,29.3,,20388900
2025-09-05 11:05:03.889909+05:30,29.35,,20388900
2025-09-05 11:05:04.167261+05:30,29.55,,20388900
2025-09-05 11:05:04.641170+05:30,29.65,,20388900
2025-09-05 11:05:04.911679+05:30,29.5,,20388900
2025-09-05 11:05:05.161532+05:30,29.7,,20388900
2025-09-05 11:05:05.940451+05:30,29.7,,20388900
2025-09-05 11:05:06.148852+05:30,29.85,,20388900
2025-09-05 11:05:06.389469+05:30,29.7,,20388900
2025-09-05 11:05:06.635594+05:30,29.9,,20388900
2025-09-05 11:05:06.889447+05:30,29.75,,20388900
2025-09-05 11:05:07.241772+05:30,29.7,,20388900
2025-09-05 11:05:07.884756+05:30,29.55,,20388900
2025-09-05 11:05:08.209821+05:30,29.45,,20388900
2025-09-05 11:05:08.911363+05:30,29.25,,20388900
2025-09-05 11:05:09.233280+05:30,29.15,,20388900
2025-09-05 11:05:09.676030+05:30,29.15,,20388900
2025-09-05 11:05:09.889604+05:30,29.55,,20388900
2025-09-05 11:05:10.232995+05:30,29.55,,20388900
2025-09-05 11:05:10.889401+05:30,29.65,,20388900
2025-09-05 11:05:11.163557+05:30,29.7,,20388900
2025-09-05 11:05:11.384576+05:30,29.8,,20388900
2025-09-05 11:05:11.650493+05:30,29.9,,20388900
2025-09-05 11:05:12.160259+05:30,29.9,,20388900
2025-09-05 11:05:12.944624+05:30,29.95,,20388900
2025-09-05 11:05:13.183548+05:30,30.15,,20388900
2025-09-05 11:05:13.981870+05:30,30.0,,20388900
2025-09-05 11:05:14.137713+05:30,30.1,,20388900
2025-09-05 11:05:14.645633+05:30,30.1,,20388900
2025-09-05 11:05:14.930098+05:30,30.1,,20388900
2025-09-05 11:05:15.156281+05:30,30.2,,20388900
2025-09-05 11:05:15.912607+05:30,30.1,,20388900
2025-09-05 11:05:16.156715+05:30,30.15,,20388900
2025-09-05 11:05:16.421797+05:30,30.25,,20388900
2025-09-05 11:05:16.886489+05:30,30.2,,20388900
2025-09-05 11:05:17.144477+05:30,29.85,,20388900
2025-09-05 11:05:17.986689+05:30,29.5,,20388900
2025-09-05 11:05:18.192554+05:30,29.35,,20388900
2025-09-05 11:05:18.931809+05:30,29.2,,20388900
2025-09-05 11:05:19.233740+05:30,29.35,,20388900
2025-09-05 11:05:19.639320+05:30,29.5,,20388900
2025-09-05 11:05:19.949827+05:30,29.4,,20388900
2025-09-05 11:05:20.147951+05:30,29.3,,20388900
2025-09-05 11:05:20.960650+05:30,29.35,,20388900
2025-09-05 11:05:21.187487+05:30,29.2,,20388900
2025-09-05 11:05:21.406029+05:30,29.1,,20388900
2025-09-05 11:05:21.889388+05:30,29.1,,20388900
2025-09-05 11:05:22.186622+05:30,29.0,,20388900
2025-09-05 11:05:22.670520+05:30,29.0,,20388900
2025-09-05 11:05:22.970859+05:30,28.85,,20388900
2025-09-05 11:05:23.145240+05:30,28.85,,20388900
2025-09-05 11:05:23.901179+05:30,28.7,,20388900
2025-09-05 11:05:24.163159+05:30,28.85,,20388900
2025-09-05 11:05:24.407464+05:30,28.8,,20388900
2025-09-05 11:05:24.655945+05:30,28.8,,20388900
2025-09-05 11:05:24.887105+05:30,28.9,,20388900
2025-09-05 11:05:25.233119+05:30,29.0,,20388900
2025-09-05 11:05:25.888614+05:30,29.05,,20388900
2025-09-05 11:05:26.215442+05:30,29.0,,20388900
2025-09-05 11:05:26.385030+05:30,29.0,,20388900
2025-09-05 11:05:26.885486+05:30,28.95,,20388900
2025-09-05 11:05:27.139795+05:30,28.95,,20388900
2025-09-05 11:05:27.698559+05:30,29.0,,20388900
2025-09-05 11:05:27.911373+05:30,29.0,,20388900
2025-09-05 11:05:28.134422+05:30,29.0,,20388900
2025-09-05 11:05:28.957168+05:30,28.95,,20388900
2025-09-05 11:05:29.203971+05:30,28.95,,20388900
2025-09-05 11:05:29.433547+05:30,28.95,,20388900
2025-09-05 11:05:29.911658+05:30,28.85,,20388900
2025-09-05 11:05:30.139399+05:30,28.85,,20388900
2025-09-05 11:05:30.727353+05:30,28.85,,20388900
2025-09-05 11:05:30.916578+05:30,28.75,,20388900
2025-09-05 11:05:31.188745+05:30,28.75,,20388900
2025-09-05 11:05:31.389757+05:30,28.7,,20388900
2025-09-05 11:05:31.944769+05:30,28.8,,20388900
2025-09-05 11:05:32.161402+05:30,28.75,,20388900
2025-09-05 11:05:32.744485+05:30,28.85,,20388900
2025-09-05 11:05:33.139640+05:30,28.8,,20388900
2025-09-05 11:05:33.912069+05:30,28.95,,20388900
2025-09-05 11:05:34.139666+05:30,28.9,,20388900
2025-09-05 11:05:34.438985+05:30,28.95,,20388900
2025-09-05 11:05:34.927662+05:30,29.0,,20388900
2025-09-05 11:05:35.154555+05:30,28.9,,20388900
2025-09-05 11:05:35.916460+05:30,28.95,,20388900
2025-09-05 11:05:36.224387+05:30,28.9,,20388900
2025-09-05 11:05:36.885401+05:30,28.85,,20388900
2025-09-05 11:05:37.238218+05:30,28.9,,20388900
2025-09-05 11:05:37.667080+05:30,29.0,,20388900
2025-09-05 11:05:37.889368+05:30,28.85,,20388900
2025-09-05 11:05:38.187392+05:30,28.8,,20388900
2025-09-05 11:05:38.913781+05:30,28.9,,20388900
2025-09-05 11:05:39.251147+05:30,28.9,,20388900
2025-09-05 11:05:39.889192+05:30,28.9,,20388900
2025-09-05 11:05:40.141899+05:30,28.9,,20388900
2025-09-05 11:05:41.004590+05:30,28.75,,20388900
2025-09-05 11:05:41.179368+05:30,28.9,,20388900
2025-09-05 11:05:41.911033+05:30,28.65,,20388900
2025-09-05 11:05:42.232119+05:30,28.7,,20388900
2025-09-05 11:05:42.389269+05:30,28.7,,20388900
2025-09-05 11:05:42.678130+05:30,28.7,,20388900
2025-09-05 11:05:42.925049+05:30,28.7,,20388900
2025-09-05 11:05:43.146356+05:30,28.7,,20388900
2025-09-05 11:05:43.939475+05:30,28.65,,20388900
2025-09-05 11:05:44.171584+05:30,28.65,,20388900
2025-09-05 11:05:44.424522+05:30,28.35,,20388900
2025-09-05 11:05:44.916290+05:30,28.5,,20388900
2025-09-05 11:05:45.209802+05:30,28.5,,20388900
2025-09-05 11:05:45.911384+05:30,28.6,,20388900
2025-09-05 11:05:46.144355+05:30,28.5,,20388900
2025-09-05 11:05:46.889238+05:30,28.6,,20388900
2025-09-05 11:05:47.148782+05:30,28.65,,20388900
2025-09-05 11:05:47.464625+05:30,28.7,,20388900
2025-09-05 11:05:47.937859+05:30,28.65,,20388900
2025-09-05 11:05:48.225902+05:30,28.6,,20388900
2025-09-05 11:05:48.929601+05:30,28.65,,20388900
2025-09-05 11:05:49.151027+05:30,28.6,,20388900
2025-09-05 11:05:49.915594+05:30,28.55,,20388900
2025-09-05 11:05:50.185504+05:30,28.5,,20388900
2025-09-05 11:05:50.679036+05:30,28.35,,20388900
2025-09-05 11:05:50.911312+05:30,28.35,,20388900
2025-09-05 11:05:51.210154+05:30,28.35,,20388900
2025-09-05 11:05:51.901298+05:30,28.3,,20388900
2025-09-05 11:05:52.181366+05:30,28.3,,20388900
2025-09-05 11:05:52.389190+05:30,28.25,,20388900
2025-09-05 11:05:52.917055+05:30,28.2,,20388900
2025-09-05 11:05:53.139297+05:30,28.2,,20388900
2025-09-05 11:05:53.890632+05:30,28.2,,20388900
2025-09-05 11:05:54.177832+05:30,28.1,,20388900
2025-09-05 11:05:54.939515+05:30,28.05,,20388900
2025-09-05 11:05:55.139174+05:30,28.15,,20388900
2025-09-05 11:05:55.656519+05:30,28.1,,20388900
2025-09-05 11:05:55.932429+05:30,28.2,,20388900
2025-09-05 11:05:56.149280+05:30,28.25,,20388900
2025-09-05 11:05:56.942905+05:30,28.1,,20388900
2025-09-05 11:05:57.250453+05:30,28.1,,20388900
2025-09-05 11:05:57.451443+05:30,28.2,,20388900
2025-09-05 11:05:57.955403+05:30,28.15,,20388900
2025-09-05 11:05:58.139212+05:30,28.05,,20388900
2025-09-05 11:05:58.918214+05:30,28.15,,20388900
2025-09-05 11:05:59.229955+05:30,28.15,,20388900
2025-09-05 11:05:59.929080+05:30,28.2,,20388900
2025-09-05 11:06:00.175242+05:30,28.25,,20388900
2025-09-05 11:06:00.639153+05:30,28.3,,20388900
2025-09-05 11:06:00.943848+05:30,28.4,,20388900
2025-09-05 11:06:01.163324+05:30,28.4,,20388900
2025-09-05 11:06:01.918254+05:30,28.4,,20388900
2025-09-05 11:06:02.169583+05:30,28.5,,20388900
2025-09-05 11:06:02.389161+05:30,28.45,,20388900
2025-09-05 11:06:02.976748+05:30,28.4,,20388900
2025-09-05 11:06:03.209418+05:30,28.4,,20388900
2025-09-05 11:06:03.901362+05:30,28.55,,20388900
2025-09-05 11:06:04.210893+05:30,28.55,,20388900
2025-09-05 11:06:04.912309+05:30,28.45,,20388900
2025-09-05 11:06:05.139156+05:30,28.5,,20388900
2025-09-05 11:06:05.501870+05:30,28.55,,20388900
2025-09-05 11:06:05.954552+05:30,28.45,,20388900
2025-09-05 11:06:06.184283+05:30,28.45,,20388900
2025-09-05 11:06:06.889242+05:30,28.5,,20388900
2025-09-05 11:06:07.189219+05:30,28.45,,20388900
2025-09-05 11:06:07.982635+05:30,28.25,,20388900
2025-09-05 11:06:08.148564+05:30,28.25,,20388900
2025-09-05 11:06:08.639171+05:30,28.15,,20388900
2025-09-05 11:06:08.929293+05:30,28.25,,20388900
2025-09-05 11:06:09.139109+05:30,28.25,,20388900
2025-09-05 11:06:09.910943+05:30,28.15,,20388900
2025-09-05 11:06:10.197650+05:30,28.1,,20388900
2025-09-05 11:06:10.425059+05:30,28.1,,20388900
2025-09-05 11:06:10.982394+05:30,28.15,,20388900
2025-09-05 11:06:11.227506+05:30,28.05,,20388900
2025-09-05 11:06:11.889121+05:30,28.25,,20388900
2025-09-05 11:06:12.139863+05:30,28.25,,20388900
2025-09-05 11:06:12.970370+05:30,28.5,,20388900
2025-09-05 11:06:13.153206+05:30,28.55,,20388900
2025-09-05 11:06:13.669313+05:30,28.45,,20388900
2025-09-05 11:06:13.947084+05:30,28.45,,20388900
2025-09-05 11:06:14.201514+05:30,28.5,,20388900
2025-09-05 11:06:14.975505+05:30,28.55,,20388900
2025-09-05 11:06:15.139518+05:30,28.6,,20388900
2025-09-05 11:06:15.401284+05:30,28.55,,20388900
2025-09-05 11:06:16.004894+05:30,28.65,,20388900
2025-09-05 11:06:16.145921+05:30,28.65,,20388900
2025-09-05 11:06:16.922695+05:30,28.5,,20388900
2025-09-05 11:06:17.167125+05:30,28.55,,20388900
2025-09-05 11:06:17.977532+05:30,28.4,,20388900
2025-09-05 11:06:18.200590+05:30,28.4,,20388900
2025-09-05 11:06:18.423164+05:30,28.35,,20388900
2025-09-05 11:06:18.695266+05:30,28.35,,20388900
2025-09-05 11:06:18.892683+05:30,28.4,,20388900
2025-09-05 11:06:19.231402+05:30,28.35,,20388900
2025-09-05 11:06:19.889637+05:30,28.3,,20388900
2025-09-05 11:06:20.156837+05:30,28.3,,20388900
2025-09-05 11:06:20.389150+05:30,28.2,,20388900
2025-09-05 11:06:20.988516+05:30,28.3,,20388900
2025-09-05 11:06:21.185134+05:30,28.3,,20388900
2025-09-05 11:06:21.889086+05:30,28.45,,20388900
2025-09-05 11:06:22.139608+05:30,28.4,,20388900
2025-09-05 11:06:22.949365+05:30,28.4,,20388900
2025-09-05 11:06:23.206979+05:30,28.4,,20388900
2025-09-05 11:06:23.471489+05:30,28.5,,20388900
2025-09-05 11:06:23.943666+05:30,28.5,,20388900
2025-09-05 11:06:24.186918+05:30,28.55,,20388900
2025-09-05 11:06:24.912325+05:30,28.65,,20388900
2025-09-05 11:06:25.151074+05:30,28.75,,20388900
2025-09-05 11:06:25.391242+05:30,28.85,,20388900
2025-09-05 11:06:25.955824+05:30,28.8,,20388900
2025-09-05 11:06:26.231603+05:30,28.8,,20388900
2025-09-05 11:06:26.679318+05:30,29.0,,20388900
2025-09-05 11:06:26.932543+05:30,29.3,,20388900
2025-09-05 11:06:27.134787+05:30,29.25,,20388900
2025-09-05 11:06:27.889167+05:30,29.4,,20388900
2025-09-05 11:06:28.196233+05:30,29.35,,20388900
2025-09-05 11:06:28.504919+05:30,29.35,,20388900
2025-09-05 11:06:28.902131+05:30,29.4,,20388900
2025-09-05 11:06:29.197224+05:30,29.35,,20388900
2025-09-05 11:06:29.910705+05:30,29.6,,20388900
2025-09-05 11:06:30.150063+05:30,29.55,,20388900
2025-09-05 11:06:30.678035+05:30,29.55,,20388900
2025-09-05 11:06:30.975775+05:30,29.85,,20388900
2025-09-05 11:06:31.176100+05:30,29.7,,20388900
2025-09-05 11:06:31.639855+05:30,29.8,,20388900
2025-09-05 11:06:31.921082+05:30,29.8,,20388900
2025-09-05 11:06:32.255569+05:30,29.85,,20388900
2025-09-05 11:06:32.889388+05:30,29.8,,20388900
2025-09-05 11:06:33.388851+05:30,29.5,,20388900
2025-09-05 11:06:33.952274+05:30,29.4,,20388900
2025-09-05 11:06:34.388976+05:30,29.5,,20388900
2025-09-05 11:06:34.934258+05:30,29.55,,20388900
2025-09-05 11:06:35.196127+05:30,29.55,,20388900
2025-09-05 11:06:35.889059+05:30,29.7,,20388900
2025-09-05 11:06:36.388872+05:30,29.7,,20388900
2025-09-05 11:06:36.639205+05:30,29.85,,20388900
2025-09-05 11:06:36.990321+05:30,29.85,,20388900
2025-09-05 11:06:37.389001+05:30,29.8,,20388900
2025-09-05 11:06:37.890845+05:30,29.6,,20388900
2025-09-05 11:06:38.140458+05:30,29.4,,20388900
2025-09-05 11:06:38.912341+05:30,29.45,,20388900
2025-09-05 11:06:39.138894+05:30,29.5,,20388900
2025-09-05 11:06:39.910268+05:30,29.35,,20388900
2025-09-05 11:06:40.203782+05:30,29.35,,20388900
2025-09-05 11:06:40.907387+05:30,29.5,,20457750
2025-09-05 11:06:41.137203+05:30,29.35,,20457750
2025-09-05 11:06:41.667809+05:30,29.45,,20457750
2025-09-05 11:06:41.937468+05:30,29.25,,20457750
2025-09-05 11:06:42.209450+05:30,29.3,,20457750
2025-09-05 11:06:42.888805+05:30,29.25,,20457750
2025-09-05 11:06:43.419767+05:30,29.25,,20457750
2025-09-05 11:06:43.934223+05:30,29.35,,20457750
2025-09-05 11:06:44.145556+05:30,29.25,,20457750
2025-09-05 11:06:44.932508+05:30,29.15,,20457750
2025-09-05 11:06:45.458113+05:30,29.1,,20457750
2025-09-05 11:06:45.959993+05:30,29.2,,20457750
2025-09-05 11:06:46.416900+05:30,29.1,,20457750
2025-09-05 11:06:46.638694+05:30,29.1,,20457750
2025-09-05 11:06:46.924765+05:30,29.15,,20457750
2025-09-05 11:06:47.482218+05:30,29.15,,20457750
2025-09-05 11:06:47.889472+05:30,28.85,,20457750
2025-09-05 11:06:48.151127+05:30,28.85,,20457750
2025-09-05 11:06:48.416955+05:30,28.95,,20457750
2025-09-05 11:06:48.913486+05:30,28.9,,20457750
2025-09-05 11:06:49.139094+05:30,28.9,,20457750
2025-09-05 11:06:49.950594+05:30,28.9,,20457750
2025-09-05 11:06:50.138883+05:30,29.0,,20457750
2025-09-05 11:06:50.905817+05:30,29.0,,20457750
2025-09-05 11:06:51.172495+05:30,29.0,,20457750
2025-09-05 11:06:51.393652+05:30,28.95,,20457750
2025-09-05 11:06:51.895462+05:30,28.95,,20457750
2025-09-05 11:06:52.188912+05:30,28.95,,20457750
2025-09-05 11:06:52.935967+05:30,28.95,,20457750
2025-09-05 11:06:53.138782+05:30,29.05,,20457750
2025-09-05 11:06:53.888921+05:30,29.1,,20457750
2025-09-05 11:06:54.432710+05:30,29.05,,20457750
2025-09-05 11:06:54.693961+05:30,29.1,,20457750
2025-09-05 11:06:54.905668+05:30,29.15,,20457750
2025-09-05 11:06:55.161453+05:30,29.2,,20457750
2025-09-05 11:06:55.969708+05:30,29.1,,20457750
2025-09-05 11:06:56.148887+05:30,29.2,,20457750
2025-09-05 11:06:56.651387+05:30,29.25,,20457750
2025-09-05 11:06:56.968002+05:30,29.1,,20457750
2025-09-05 11:06:57.451176+05:30,29.1,,20457750
2025-09-05 11:06:57.932459+05:30,29.2,,20457750
2025-09-05 11:06:58.443544+05:30,29.2,,20457750
2025-09-05 11:06:58.916062+05:30,29.05,,20457750
2025-09-05 11:06:59.156496+05:30,29.15,,20457750
2025-09-05 11:06:59.403895+05:30,29.05,,20457750
2025-09-05 11:06:59.948750+05:30,28.8,,20457750
2025-09-05 11:07:00.384569+05:30,28.9,,20457750
2025-09-05 11:07:00.983826+05:30,28.85,,20457750
2025-09-05 11:07:01.189260+05:30,28.7,,20457750
2025-09-05 11:07:01.884140+05:30,28.9,,20457750
2025-09-05 11:07:02.419836+05:30,28.95,,20457750
2025-09-05 11:07:02.925810+05:30,28.9,,20457750
2025-09-05 11:07:03.141606+05:30,28.95,,20457750
2025-09-05 11:07:03.885399+05:30,28.95,,20457750
2025-09-05 11:07:04.400651+05:30,28.85,,20457750
2025-09-05 11:07:04.673840+05:30,29.05,,20457750
2025-09-05 11:07:04.889189+05:30,29.05,,20457750
2025-09-05 11:07:05.408348+05:30,29.0,,20457750
2025-09-05 11:07:05.925082+05:30,29.1,,20457750
2025-09-05 11:07:06.139482+05:30,29.1,,20457750
2025-09-05 11:07:06.516988+05:30,29.0,,20457750
2025-09-05 11:07:06.933377+05:30,29.1,,20457750
2025-09-05 11:07:07.406282+05:30,29.15,,20457750
2025-09-05 11:07:07.643191+05:30,29.15,,20457750
2025-09-05 11:07:07.975156+05:30,29.2,,20457750
2025-09-05 11:07:08.271788+05:30,29.2,,20457750
2025-09-05 11:07:08.888665+05:30,29.1,,20457750
2025-09-05 11:07:09.390728+05:30,29.2,,20457750
2025-09-05 11:07:09.708494+05:30,29.25,,20457750
2025-09-05 11:07:09.888794+05:30,29.25,,20457750
2025-09-05 11:07:10.432375+05:30,29.2,,20457750
2025-09-05 11:07:10.896671+05:30,29.2,,20457750
2025-09-05 11:07:11.144299+05:30,29.3,,20457750
2025-09-05 11:07:11.938085+05:30,29.2,,20457750
2025-09-05 11:07:12.134099+05:30,29.25,,20457750
2025-09-05 11:07:12.388678+05:30,29.25,,20457750
2025-09-05 11:07:12.970386+05:30,29.3,,20457750
2025-09-05 11:07:13.243225+05:30,29.3,,20457750
2025-09-05 11:07:13.949791+05:30,29.2,,20457750
2025-09-05 11:07:14.152206+05:30,29.45,,20457750
2025-09-05 11:07:14.415769+05:30,29.45,,20457750
2025-09-05 11:07:14.983547+05:30,29.4,,20457750
2025-09-05 11:07:15.157775+05:30,29.45,,20457750
2025-09-05 11:07:15.888678+05:30,29.5,,20457750
2025-09-05 11:07:16.252663+05:30,29.55,,20457750
2025-09-05 11:07:16.888675+05:30,29.65,,20457750
2025-09-05 11:07:17.158411+05:30,29.55,,20457750
2025-09-05 11:07:17.388713+05:30,29.7,,20457750
2025-09-05 11:07:17.976875+05:30,29.55,,20457750
2025-09-05 11:07:18.406503+05:30,29.55,,20457750
2025-09-05 11:07:18.888739+05:30,29.7,,20457750
2025-09-05 11:07:19.140579+05:30,29.7,,20457750
2025-09-05 11:07:19.980238+05:30,29.65,,20457750
2025-09-05 11:07:20.394364+05:30,29.75,,20457750
2025-09-05 11:07:20.638636+05:30,29.65,,20457750
2025-09-05 11:07:20.910427+05:30,29.7,,20457750
2025-09-05 11:07:21.160943+05:30,29.7,,20457750
2025-09-05 11:07:21.932314+05:30,29.4,,20457750
2025-09-05 11:07:22.411493+05:30,29.3,,20457750
2025-09-05 11:07:22.661332+05:30,29.3,,20457750
2025-09-05 11:07:22.959649+05:30,29.35,,20457750
2025-09-05 11:07:23.388622+05:30,29.2,,20457750
2025-09-05 11:07:23.944155+05:30,29.25,,20457750
2025-09-05 11:07:24.138988+05:30,29.15,,20457750
2025-09-05 11:07:24.410754+05:30,29.2,,20457750
2025-09-05 11:07:24.928728+05:30,29.2,,20457750
2025-09-05 11:07:25.401693+05:30,29.2,,20457750
2025-09-05 11:07:25.644150+05:30,29.25,,20457750
2025-09-05 11:07:25.931998+05:30,29.15,,20457750
2025-09-05 11:07:26.166432+05:30,29.15,,20457750
2025-09-05 11:07:26.910874+05:30,29.25,,20457750
2025-09-05 11:07:27.161587+05:30,29.1,,20457750
2025-09-05 11:07:27.384078+05:30,29.2,,20457750
2025-09-05 11:07:27.905959+05:30,29.3,,20457750
2025-09-05 11:07:28.140000+05:30,29.3,,20457750
2025-09-05 11:07:28.949417+05:30,29.3,,20457750
2025-09-05 11:07:29.160846+05:30,29.3,,20457750
2025-09-05 11:07:29.888655+05:30,29.35,,20457750
2025-09-05 11:07:30.138631+05:30,29.45,,20457750
2025-09-05 11:07:30.456152+05:30,29.4,,20457750
2025-09-05 11:07:31.223312+05:30,29.25,,20457750
2025-09-05 11:07:31.405771+05:30,29.25,,20457750
2025-09-05 11:07:31.888595+05:30,28.9,,20457750
2025-09-05 11:07:32.493357+05:30,28.85,,20457750
2025-09-05 11:07:32.888845+05:30,28.7,,20457750
2025-09-05 11:07:33.388740+05:30,28.8,,20457750
2025-09-05 11:07:33.965665+05:30,28.7,,20457750
2025-09-05 11:07:34.210057+05:30,28.7,,20457750
2025-09-05 11:07:34.895370+05:30,28.6,,20457750
2025-09-05 11:07:35.415603+05:30,28.4,,20457750
2025-09-05 11:07:35.660750+05:30,28.55,,20457750
2025-09-05 11:07:35.952142+05:30,28.5,,20457750
2025-09-05 11:07:36.388628+05:30,28.6,,20457750
2025-09-05 11:07:36.960082+05:30,28.65,,20457750
2025-09-05 11:07:37.490182+05:30,28.65,,20457750
2025-09-05 11:07:37.927746+05:30,28.75,,20457750
2025-09-05 11:07:38.138823+05:30,28.8,,20457750
2025-09-05 11:07:38.892211+05:30,28.8,,20457750
2025-09-05 11:07:39.167119+05:30,28.9,,20457750
2025-09-05 11:07:39.915753+05:30,28.95,,20457750
2025-09-05 11:07:40.402460+05:30,29.1,,20457750
2025-09-05 11:07:40.664132+05:30,29.0,,20457750
2025-09-05 11:07:40.910856+05:30,28.9,,20457750
2025-09-05 11:07:41.152385+05:30,28.95,,20457750
2025-09-05 11:07:41.888864+05:30,28.9,,20457750
2025-09-05 11:07:42.405661+05:30,28.85,,20457750
2025-09-05 11:07:42.884457+05:30,28.8,,20457750
2025-09-05 11:07:43.417120+05:30,28.8,,20457750
2025-09-05 11:07:43.915415+05:30,28.8,,20457750
2025-09-05 11:07:44.458139+05:30,28.7,,20457750
2025-09-05 11:07:44.943592+05:30,28.8,,20457750
2025-09-05 11:07:45.149757+05:30,28.85,,20457750
2025-09-05 11:07:45.638382+05:30,28.85,,20457750
2025-09-05 11:07:45.888499+05:30,28.85,,20457750
2025-09-05 11:07:46.426870+05:30,28.85,,20457750
2025-09-05 11:07:46.888512+05:30,28.9,,20457750
2025-09-05 11:07:47.190900+05:30,28.9,,20457750
2025-09-05 11:07:47.911055+05:30,28.95,,20457750
2025-09-05 11:07:48.432824+05:30,28.95,,20457750
2025-09-05 11:07:48.916029+05:30,28.8,,20457750
2025-09-05 11:07:49.165578+05:30,28.8,,20457750
2025-09-05 11:07:49.993061+05:30,28.7,,20457750
2025-09-05 11:07:50.145788+05:30,28.7,,20457750
2025-09-05 11:07:50.638603+05:30,28.65,,20457750
2025-09-05 11:07:51.003025+05:30,28.6,,20457750
2025-09-05 11:07:51.138892+05:30,28.5,,20457750
2025-09-05 11:07:51.888537+05:30,28.45,,20457750
2025-09-05 11:07:52.161488+05:30,28.45,,20457750
2025-09-05 11:07:52.964322+05:30,28.45,,20457750
2025-09-05 11:07:53.400674+05:30,28.25,,20457750
2025-09-05 11:07:53.911437+05:30,28.35,,20457750
2025-09-05 11:07:54.225431+05:30,28.4,,20457750
2025-09-05 11:07:54.393596+05:30,28.4,,20457750
2025-09-05 11:07:54.888998+05:30,28.6,,20457750
2025-09-05 11:07:55.213275+05:30,28.65,,20457750
2025-09-05 11:07:55.634043+05:30,28.6,,20457750
2025-09-05 11:07:55.965325+05:30,28.6,,20457750
2025-09-05 11:07:56.455172+05:30,28.6,,20457750
2025-09-05 11:07:56.888511+05:30,28.55,,20457750
2025-09-05 11:07:57.155287+05:30,28.6,,20457750
2025-09-05 11:07:57.981372+05:30,28.65,,20457750
2025-09-05 11:07:58.396174+05:30,28.7,,20457750
2025-09-05 11:07:58.888442+05:30,28.65,,20457750
2025-09-05 11:07:59.407122+05:30,28.7,,20457750
2025-09-05 11:07:59.937752+05:30,28.7,,20457750
2025-09-05 11:08:00.388435+05:30,28.6,,20457750
2025-09-05 11:08:00.978185+05:30,28.55,,20457750
2025-09-05 11:08:01.388531+05:30,28.55,,20457750
2025-09-05 11:08:01.917393+05:30,28.0,,20457750
2025-09-05 11:08:02.505475+05:30,28.05,,20457750
2025-09-05 11:08:02.980079+05:30,28.1,,20457750
2025-09-05 11:08:03.139039+05:30,28.0,,20457750
2025-09-05 11:08:03.932634+05:30,28.0,,20457750
2025-09-05 11:08:04.214966+05:30,27.35,,20457750
2025-09-05 11:08:05.224281+05:30,27.4,,20457750
2025-09-05 11:08:05.395680+05:30,27.45,,20457750
2025-09-05 11:08:05.700143+05:30,27.5,,20457750
2025-09-05 11:08:05.890071+05:30,27.45,,20457750
2025-09-05 11:08:06.420748+05:30,27.4,,20457750
2025-09-05 11:08:06.932143+05:30,27.3,,20457750
2025-09-05 11:08:07.247506+05:30,27.2,,20457750
2025-09-05 11:08:07.889340+05:30,27.35,,20457750
2025-09-05 11:08:08.178628+05:30,27.25,,20457750
2025-09-05 11:08:08.923455+05:30,27.25,,20457750
2025-09-05 11:08:09.421134+05:30,27.35,,20457750
2025-09-05 11:08:09.910062+05:30,27.3,,20457750
2025-09-05 11:08:10.424849+05:30,27.4,,20457750
2025-09-05 11:08:10.934317+05:30,27.45,,20457750
2025-09-05 11:08:11.388377+05:30,27.45,,20457750
2025-09-05 11:08:11.936863+05:30,27.5,,20457750
2025-09-05 11:08:12.135570+05:30,27.4,,20457750
2025-09-05 11:08:12.910136+05:30,27.55,,20457750
2025-09-05 11:08:13.440090+05:30,27.55,,20457750
2025-09-05 11:08:13.904995+05:30,27.5,,20457750
2025-09-05 11:08:14.150276+05:30,27.5,,20457750
2025-09-05 11:08:14.905225+05:30,27.55,,20457750
2025-09-05 11:08:15.415419+05:30,27.6,,20457750
2025-09-05 11:08:15.704615+05:30,27.55,,20457750
2025-09-05 11:08:15.951128+05:30,27.6,,20457750
2025-09-05 11:08:16.432674+05:30,27.65,,20457750
2025-09-05 11:08:16.936953+05:30,27.65,,20457750
2025-09-05 11:08:17.162126+05:30,27.7,,20457750
2025-09-05 11:08:17.910206+05:30,27.6,,20457750
2025-09-05 11:08:18.410251+05:30,27.5,,20457750
2025-09-05 11:08:18.638228+05:30,27.7,,20457750
2025-09-05 11:08:18.953189+05:30,27.6,,20457750
2025-09-05 11:08:19.182692+05:30,27.55,,20457750
2025-09-05 11:08:19.926680+05:30,27.45,,20457750
2025-09-05 11:08:20.442604+05:30,27.5,,20457750
2025-09-05 11:08:20.915375+05:30,27.5,,20457750
2025-09-05 11:08:21.444515+05:30,27.45,,20457750
2025-09-05 11:08:22.138399+05:30,27.6,,20457750
2025-09-05 11:08:23.138616+05:30,27.5,,20457750
2025-09-05 11:08:23.392839+05:30,27.4,,20457750
2025-09-05 11:08:23.633369+05:30,27.55,,20457750
2025-09-05 11:08:24.238566+05:30,27.45,,20457750
2025-09-05 11:08:25.182383+05:30,27.2,,20457750
2025-09-05 11:08:25.400526+05:30,27.25,,20457750
2025-09-05 11:08:26.206271+05:30,27.25,,20457750
2025-09-05 11:08:26.383272+05:30,27.3,,20457750
2025-09-05 11:08:26.893199+05:30,27.2,,20457750
2025-09-05 11:08:27.134715+05:30,27.2,,20457750
2025-09-05 11:08:27.464353+05:30,27.2,,20457750
2025-09-05 11:08:28.227374+05:30,27.3,,20457750
2025-09-05 11:08:28.638256+05:30,27.35,,20457750
2025-09-05 11:08:29.220526+05:30,27.4,,20457750
2025-09-05 11:08:29.389420+05:30,27.35,,20457750
2025-09-05 11:08:30.218400+05:30,27.35,,20457750
2025-09-05 11:08:30.406085+05:30,27.35,,20457750
2025-09-05 11:08:31.138606+05:30,27.35,,20457750
2025-09-05 11:08:31.888124+05:30,27.4,,20457750
2025-09-05 11:08:32.138253+05:30,27.35,,20457750
2025-09-05 11:08:33.195483+05:30,27.3,,20457750
2025-09-05 11:08:33.695653+05:30,27.3,,20457750
2025-09-05 11:08:34.271021+05:30,27.25,,20457750
2025-09-05 11:08:35.211322+05:30,27.15,,20457750
2025-09-05 11:08:35.388558+05:30,27.25,,20457750
2025-09-05 11:08:36.155457+05:30,27.15,,20457750
2025-09-05 11:08:36.888105+05:30,27.2,,20457750
2025-09-05 11:08:37.247768+05:30,27.2,,20457750
2025-09-05 11:08:38.234338+05:30,27.1,,20457750
2025-09-05 11:08:38.643166+05:30,27.1,,20457750
2025-09-05 11:08:39.211735+05:30,27.1,,20457750
2025-09-05 11:08:39.388182+05:30,27.35,,20457750
2025-09-05 11:08:40.186821+05:30,27.3,,20457750
2025-09-05 11:08:40.388675+05:30,27.4,,20457750
2025-09-05 11:08:41.140552+05:30,27.25,,20457750
2025-09-05 11:08:41.896948+05:30,27.15,,20457750
2025-09-05 11:08:42.138282+05:30,27.25,,20457750
2025-09-05 11:08:43.289586+05:30,27.15,,20457750
2025-09-05 11:08:43.388200+05:30,27.15,,20457750
2025-09-05 11:08:43.634543+05:30,27.15,,20457750
2025-09-05 11:08:44.156808+05:30,27.15,,20457750
2025-09-05 11:08:44.384092+05:30,27.25,,20457750
2025-09-05 11:08:45.235746+05:30,27.2,,20457750
2025-09-05 11:08:45.464751+05:30,27.2,,20457750
2025-09-05 11:08:46.220313+05:30,27.6,,20457750
2025-09-05 11:08:46.388317+05:30,27.55,,20457750
2025-09-05 11:08:46.921533+05:30,27.65,,20457750
2025-09-05 11:08:47.138627+05:30,27.7,,20457750
2025-09-05 11:08:48.188812+05:30,27.7,,20457750
2025-09-05 11:08:48.430657+05:30,27.6,,20457750
2025-09-05 11:08:49.221232+05:30,27.7,,20457750
2025-09-05 11:08:50.253295+05:30,27.8,,20457750
2025-09-05 11:08:50.410168+05:30,27.8,,20457750
2025-09-05 11:08:51.141556+05:30,27.8,,20457750
2025-09-05 11:08:51.382981+05:30,27.8,,20457750
2025-09-05 11:08:51.937809+05:30,27.85,,20457750
2025-09-05 11:08:52.155429+05:30,27.85,,20457750
2025-09-05 11:08:53.160171+05:30,27.95,,20457750
2025-09-05 11:08:53.440819+05:30,27.9,,20457750
2025-09-05 11:08:54.138817+05:30,28.15,,20457750
2025-09-05 11:08:54.461213+05:30,28.05,,20457750
2025-09-05 11:08:55.217412+05:30,28.05,,20457750
2025-09-05 11:08:56.139809+05:30,27.85,,20457750
2025-09-05 11:08:56.400671+05:30,28.1,,20457750
2025-09-05 11:08:56.888158+05:30,28.05,,20457750
2025-09-05 11:08:57.208250+05:30,28.0,,20457750
2025-09-05 11:08:58.138248+05:30,28.15,,20457750
2025-09-05 11:08:58.462138+05:30,28.1,,20457750
2025-09-05 11:08:59.138125+05:30,28.15,,20457750
2025-09-05 11:08:59.388437+05:30,28.05,,20457750
2025-09-05 11:09:00.133494+05:30,28.1,,20457750
2025-09-05 11:09:01.225397+05:30,28.2,,20457750
2025-09-05 11:09:01.388226+05:30,28.25,,20457750
2025-09-05 11:09:01.915144+05:30,28.25,,20457750
2025-09-05 11:09:02.207132+05:30,28.25,,20457750
2025-09-05 11:09:03.138189+05:30,28.25,,20457750
2025-09-05 11:09:03.459119+05:30,28.2,,20457750
2025-09-05 11:09:03.638102+05:30,28.15,,20457750
2025-09-05 11:09:04.161671+05:30,28.25,,20457750
2025-09-05 11:09:04.388101+05:30,28.25,,20457750
2025-09-05 11:09:05.138066+05:30,28.25,,20457750
2025-09-05 11:09:06.220855+05:30,28.05,,20457750
2025-09-05 11:09:06.900315+05:30,28.0,,20457750
2025-09-05 11:09:07.404955+05:30,28.2,,20457750
2025-09-05 11:09:08.138194+05:30,28.25,,20457750
2025-09-05 11:09:08.437783+05:30,28.25,,20457750
2025-09-05 11:09:09.160356+05:30,28.15,,20457750
2025-09-05 11:09:09.420762+05:30,28.3,,20457750
2025-09-05 11:09:10.255605+05:30,28.15,,20457750
2025-09-05 11:09:10.388896+05:30,28.15,,20457750
2025-09-05 11:09:11.138063+05:30,28.15,,20457750
2025-09-05 11:09:11.660264+05:30,28.1,,20457750
2025-09-05 11:09:11.916411+05:30,28.1,,20457750
2025-09-05 11:09:12.133454+05:30,28.15,,20457750
2025-09-05 11:09:13.133144+05:30,28.1,,20457750
2025-09-05 11:09:13.432431+05:30,28.15,,20457750
2025-09-05 11:09:13.637985+05:30,28.05,,20457750
2025-09-05 11:09:14.220406+05:30,28.2,,20457750
2025-09-05 11:09:14.388298+05:30,28.1,,20457750
2025-09-05 11:09:15.240297+05:30,27.95,,20457750
2025-09-05 11:09:16.138626+05:30,27.9,,20457750
2025-09-05 11:09:16.465480+05:30,27.7,,20457750
2025-09-05 11:09:16.887863+05:30,27.7,,20457750
2025-09-05 11:09:17.394798+05:30,27.55,,20457750
2025-09-05 11:09:18.138118+05:30,27.2,,20457750
2025-09-05 11:09:19.176615+05:30,27.3,,20457750
2025-09-05 11:09:19.888464+05:30,27.05,,20457750
2025-09-05 11:09:20.237394+05:30,27.15,,20457750
2025-09-05 11:09:21.185399+05:30,26.95,,20457750
2025-09-05 11:09:21.432130+05:30,26.8,,20457750
2025-09-05 11:09:21.887923+05:30,26.85,,20457750
2025-09-05 11:09:22.147235+05:30,26.9,,20457750
2025-09-05 11:09:22.432141+05:30,27.15,,20457750
2025-09-05 11:09:23.218621+05:30,27.1,,20457750
2025-09-05 11:09:23.477681+05:30,27.1,,20457750
2025-09-05 11:09:24.234523+05:30,26.95,,20457750
2025-09-05 11:09:24.887903+05:30,27.15,,20457750
2025-09-05 11:09:25.182459+05:30,27.1,,20457750
2025-09-05 11:09:25.414866+05:30,27.1,,20457750
2025-09-05 11:09:26.165123+05:30,27.1,,20457750
2025-09-05 11:09:26.461343+05:30,27.1,,20457750
2025-09-05 11:09:26.926248+05:30,27.05,,20457750
2025-09-05 11:09:27.172157+05:30,26.95,,20457750
2025-09-05 11:09:28.262861+05:30,26.85,,20457750
2025-09-05 11:09:28.637814+05:30,26.85,,20457750
2025-09-05 11:09:29.186394+05:30,27.05,,20457750
2025-09-05 11:09:29.439288+05:30,26.95,,20457750
2025-09-05 11:09:29.931444+05:30,27.0,,20457750
2025-09-05 11:09:30.418275+05:30,26.95,,20457750
2025-09-05 11:09:31.137716+05:30,27.15,,20457750
2025-09-05 11:09:31.405129+05:30,27.1,,20457750
2025-09-05 11:09:31.894523+05:30,27.1,,20457750
2025-09-05 11:09:32.137919+05:30,27.1,,20457750
2025-09-05 11:09:32.387882+05:30,27.15,,20457750
2025-09-05 11:09:33.213826+05:30,27.3,,20457750
2025-09-05 11:09:33.405226+05:30,27.25,,20457750
2025-09-05 11:09:34.232171+05:30,27.35,,20457750
2025-09-05 11:09:35.149865+05:30,27.4,,20457750
2025-09-05 11:09:35.387878+05:30,27.3,,20457750
2025-09-05 11:09:36.188759+05:30,27.4,,20457750
2025-09-05 11:09:36.417916+05:30,27.45,,20457750
2025-09-05 11:09:36.676842+05:30,27.45,,20457750
2025-09-05 11:09:37.154827+05:30,27.45,,20457750
2025-09-05 11:09:37.442165+05:30,27.4,,20457750
2025-09-05 11:09:38.199715+05:30,27.3,,20457750
2025-09-05 11:09:38.387979+05:30,27.3,,20457750
2025-09-05 11:09:39.159733+05:30,27.15,,20457750
2025-09-05 11:09:39.392890+05:30,27.15,,20457750
2025-09-05 11:09:39.887707+05:30,27.15,,20457750
2025-09-05 11:09:40.160074+05:30,27.2,,20457750
2025-09-05 11:09:41.151107+05:30,27.15,,20396700
2025-09-05 11:09:41.676260+05:30,27.15,,20396700
2025-09-05 11:09:42.158987+05:30,27.15,,20396700
2025-09-05 11:09:43.221412+05:30,27.2,,20396700
2025-09-05 11:09:44.137894+05:30,27.2,,20396700
2025-09-05 11:09:44.638057+05:30,27.05,,20396700
2025-09-05 11:09:44.888686+05:30,27.05,,20396700
2025-09-05 11:09:45.464365+05:30,27.05,,20396700
2025-09-05 11:09:46.213278+05:30,27.05,,20396700
2025-09-05 11:09:46.405063+05:30,27.05,,20396700
2025-09-05 11:09:47.184680+05:30,26.9,,20396700
2025-09-05 11:09:48.188535+05:30,27.0,,20396700
2025-09-05 11:09:49.151534+05:30,26.95,,20396700
2025-09-05 11:09:49.404709+05:30,26.8,,20396700
2025-09-05 11:09:49.633288+05:30,26.95,,20396700
2025-09-05 11:09:50.156726+05:30,26.8,,20396700
2025-09-05 11:09:51.222084+05:30,26.7,,20396700
2025-09-05 11:09:51.433422+05:30,26.65,,20396700
2025-09-05 11:09:52.155167+05:30,26.7,,20396700
2025-09-05 11:09:52.387936+05:30,26.7,,20396700
2025-09-05 11:09:52.909623+05:30,26.55,,20396700
2025-09-05 11:09:53.443827+05:30,26.6,,20396700
2025-09-05 11:09:54.245279+05:30,26.35,,20396700
2025-09-05 11:09:54.382775+05:30,26.2,,20396700
2025-09-05 11:09:54.637787+05:30,26.3,,20396700
2025-09-05 11:09:55.201063+05:30,26.3,,20396700
2025-09-05 11:09:56.168736+05:30,26.35,,20396700
2025-09-05 11:09:57.155105+05:30,26.35,,20396700
2025-09-05 11:09:57.401032+05:30,26.4,,20396700
2025-09-05 11:09:57.918021+05:30,26.5,,20396700
2025-09-05 11:09:58.230133+05:30,26.45,,20396700
2025-09-05 11:09:58.464806+05:30,26.5,,20396700
2025-09-05 11:09:59.203148+05:30,26.35,,20396700
2025-09-05 11:09:59.451440+05:30,26.55,,20396700
2025-09-05 11:09:59.681416+05:30,26.5,,20396700
2025-09-05 11:10:00.218747+05:30,26.55,,20396700
2025-09-05 11:10:00.439479+05:30,26.55,,20396700
2025-09-05 11:10:01.205688+05:30,26.5,,20396700
2025-09-05 11:10:01.432758+05:30,26.5,,20396700
2025-09-05 11:10:02.229929+05:30,26.55,,20396700
2025-09-05 11:10:02.394193+05:30,26.45,,20396700
2025-09-05 11:10:02.654943+05:30,26.6,,20396700
2025-09-05 11:10:03.169906+05:30,26.6,,20396700
2025-09-05 11:10:04.137720+05:30,26.5,,20396700
2025-09-05 11:10:04.468928+05:30,26.55,,20396700
2025-09-05 11:10:04.642805+05:30,26.55,,20396700
2025-09-05 11:10:05.209684+05:30,26.6,,20396700
2025-09-05 11:10:05.448112+05:30,26.6,,20396700
2025-09-05 11:10:06.169766+05:30,26.6,,20396700
2025-09-05 11:10:06.409968+05:30,26.6,,20396700
2025-09-05 11:10:07.171395+05:30,26.55,,20396700
2025-09-05 11:10:07.465386+05:30,26.5,,20396700
2025-09-05 11:10:07.662071+05:30,26.35,,20396700
2025-09-05 11:10:07.905205+05:30,26.3,,20396700
2025-09-05 11:10:08.225882+05:30,26.25,,20396700
2025-09-05 11:10:08.464670+05:30,26.25,,20396700
2025-09-05 11:10:09.178617+05:30,26.15,,20396700
2025-09-05 11:10:09.392923+05:30,26.15,,20396700
2025-09-05 11:10:09.638928+05:30,26.1,,20396700
2025-09-05 11:10:10.199375+05:30,26.15,,20396700
2025-09-05 11:10:11.137583+05:30,26.05,,20396700
2025-09-05 11:10:11.494564+05:30,26.15,,20396700
2025-09-05 11:10:12.166346+05:30,26.15,,20396700
2025-09-05 11:10:12.687382+05:30,26.05,,20396700
2025-09-05 11:10:12.887606+05:30,26.05,,20396700
2025-09-05 11:10:13.168828+05:30,26.1,,20396700
2025-09-05 11:10:14.226800+05:30,26.25,,20396700
2025-09-05 11:10:14.474518+05:30,26.3,,20396700
2025-09-05 11:10:15.231999+05:30,26.3,,20396700
2025-09-05 11:10:15.444365+05:30,26.2,,20396700
2025-09-05 11:10:15.909474+05:30,26.25,,20396700
2025-09-05 11:10:16.218263+05:30,26.25,,20396700
2025-09-05 11:10:16.414906+05:30,26.25,,20396700
2025-09-05 11:10:17.188143+05:30,26.15,,20396700
2025-09-05 11:10:17.387639+05:30,26.15,,20396700
2025-09-05 11:10:17.634372+05:30,26.2,,20396700
2025-09-05 11:10:17.887508+05:30,26.15,,20396700
2025-09-05 11:10:18.181549+05:30,26.15,,20396700
2025-09-05 11:10:18.424654+05:30,26.1,,20396700
2025-09-05 11:10:19.169528+05:30,26.1,,20396700
2025-09-05 11:10:19.486043+05:30,26.15,,20396700
2025-09-05 11:10:20.142440+05:30,26.1,,20396700
2025-09-05 11:10:20.406224+05:30,26.15,,20396700
2025-09-05 11:10:20.920657+05:30,26.3,,20396700
2025-09-05 11:10:21.220187+05:30,26.3,,20396700
2025-09-05 11:10:21.485715+05:30,26.1,,20396700
2025-09-05 11:10:22.190393+05:30,26.35,,20396700
2025-09-05 11:10:22.388546+05:30,26.35,,20396700
2025-09-05 11:10:22.632417+05:30,26.35,,20396700
2025-09-05 11:10:23.142760+05:30,26.35,,20396700
2025-09-05 11:10:23.490649+05:30,26.4,,20396700
2025-09-05 11:10:24.159691+05:30,26.35,,20396700
2025-09-05 11:10:24.383426+05:30,26.35,,20396700
2025-09-05 11:10:25.137534+05:30,26.25,,20396700
2025-09-05 11:10:25.887518+05:30,26.35,,20396700
2025-09-05 11:10:26.157790+05:30,26.25,,20396700
2025-09-05 11:10:27.160574+05:30,26.3,,20396700
2025-09-05 11:10:27.465172+05:30,26.25,,20396700
2025-09-05 11:10:27.659743+05:30,26.3,,20396700
2025-09-05 11:10:28.156287+05:30,26.2,,20396700
2025-09-05 11:10:29.222271+05:30,26.3,,20396700
2025-09-05 11:10:30.225684+05:30,26.35,,20396700
2025-09-05 11:10:30.633000+05:30,26.4,,20396700
2025-09-05 11:10:31.137850+05:30,26.4,,20396700
2025-09-05 11:10:31.388208+05:30,26.4,,20396700
2025-09-05 11:10:32.152485+05:30,26.4,,20396700
2025-09-05 11:10:33.387408+05:30,26.7,,20396700
2025-09-05 11:10:35.170644+05:30,26.5,,20396700
2025-09-05 11:10:36.676589+05:30,26.7,,20396700
2025-09-05 11:10:37.664488+05:30,26.7,,20396700
2025-09-05 11:10:38.150651+05:30,26.6,,20396700
2025-09-05 11:10:38.431993+05:30,26.7,,20396700
2025-09-05 11:10:38.921144+05:30,26.75,,20396700
2025-09-05 11:10:39.181340+05:30,26.7,,20396700
2025-09-05 11:10:39.387542+05:30,26.7,,20396700
2025-09-05 11:10:40.170881+05:30,26.75,,20396700
2025-09-05 11:10:40.415137+05:30,26.75,,20396700
2025-09-05 11:10:40.718626+05:30,26.7,,20396700
2025-09-05 11:10:41.216798+05:30,26.7,,20396700
2025-09-05 11:10:41.387502+05:30,26.7,,20396700
2025-09-05 11:10:42.191359+05:30,26.7,,20396700
