time,last_price,volume,oi
2025-09-04 12:10:38.595016+05:30,122.6,,9078600
2025-09-04 12:10:39.071545+05:30,120.75,,9078600
2025-09-04 12:10:40.071414+05:30,120.85,,9078600
2025-09-04 12:10:40.396535+05:30,120.9,,9078600
2025-09-04 12:10:40.839898+05:30,121.3,,9078600
2025-09-04 12:10:41.385528+05:30,120.9,,9078600
2025-09-04 12:10:41.656893+05:30,120.8,,9078600
2025-09-04 12:10:42.338968+05:30,120.35,,9078600
2025-09-04 12:10:43.343921+05:30,120.2,,9078600
2025-09-04 12:10:44.145632+05:30,120.8,,9078600
2025-09-04 12:10:44.351235+05:30,120.45,,9078600
2025-09-04 12:10:45.071572+05:30,120.1,,9078600
2025-09-04 12:10:45.345796+05:30,119.85,,9078600
2025-09-04 12:10:45.571318+05:30,119.85,,9078600
2025-09-04 12:10:46.326380+05:30,119.4,,9078600
2025-09-04 12:10:46.646443+05:30,119.75,,9078600
2025-09-04 12:10:47.077791+05:30,120.9,,9078600
2025-09-04 12:10:47.351138+05:30,121.05,,9078600
2025-09-04 12:10:48.345282+05:30,121.1,,9078600
2025-09-04 12:10:49.073254+05:30,120.6,,9078600
2025-09-04 12:10:49.323181+05:30,120.05,,9078600
2025-09-04 12:10:50.076157+05:30,120.35,,9078600
2025-09-04 12:10:50.588846+05:30,120.5,,9078600
2025-09-04 12:10:51.106629+05:30,120.4,,9078600
2025-09-04 12:10:51.381649+05:30,120.75,,9078600
2025-09-04 12:10:51.643797+05:30,120.8,,9078600
2025-09-04 12:10:52.321239+05:30,120.95,,9078600
2025-09-04 12:10:53.071225+05:30,121.4,,9078600
2025-09-04 12:10:54.099310+05:30,121.95,,9078600
2025-09-04 12:10:54.610572+05:30,122.0,,9078600
2025-09-04 12:10:54.906922+05:30,121.8,,9078600
2025-09-04 12:10:55.072925+05:30,122.2,,9078600
2025-09-04 12:10:55.328331+05:30,122.0,,9078600
2025-09-04 12:10:55.571257+05:30,122.2,,9078600
2025-09-04 12:10:56.072288+05:30,122.05,,9078600
2025-09-04 12:10:56.402728+05:30,122.15,,9078600
2025-09-04 12:10:56.588524+05:30,122.5,,9078600
2025-09-04 12:10:57.115373+05:30,122.55,,9078600
2025-09-04 12:10:58.348197+05:30,122.7,,9078600
2025-09-04 12:10:59.076352+05:30,122.7,,9078600
2025-09-04 12:10:59.330920+05:30,123.0,,9078600
2025-09-04 12:10:59.900598+05:30,123.05,,9078600
2025-09-04 12:11:00.105110+05:30,123.2,,9078600
2025-09-04 12:11:00.603426+05:30,123.45,,9078600
2025-09-04 12:11:00.828511+05:30,123.7,,9078600
2025-09-04 12:11:01.190893+05:30,123.85,,9078600
2025-09-04 12:11:01.321876+05:30,123.9,,9078600
2025-09-04 12:11:01.631300+05:30,123.7,,9078600
2025-09-04 12:11:02.326421+05:30,123.0,,9078600
2025-09-04 12:11:03.070898+05:30,122.55,,9078600
2025-09-04 12:11:03.343425+05:30,122.95,,9078600
2025-09-04 12:11:04.080138+05:30,123.2,,9078600
2025-09-04 12:11:04.346666+05:30,123.1,,9078600
2025-09-04 12:11:04.865816+05:30,123.35,,9078600
2025-09-04 12:11:05.392475+05:30,123.1,,9078600
2025-09-04 12:11:05.588426+05:30,122.95,,9078600
2025-09-04 12:11:06.120824+05:30,123.1,,9078600
2025-09-04 12:11:06.325884+05:30,122.9,,9078600
2025-09-04 12:11:06.571143+05:30,122.8,,9078600
2025-09-04 12:11:07.130383+05:30,123.4,,9078600
2025-09-04 12:11:07.417288+05:30,123.05,,9078600
2025-09-04 12:11:08.325909+05:30,123.55,,9078600
2025-09-04 12:11:09.098019+05:30,122.95,,9078600
2025-09-04 12:11:09.342621+05:30,122.7,,9078600
2025-09-04 12:11:09.854851+05:30,123.1,,9078600
2025-09-04 12:11:10.147027+05:30,123.55,,9078600
2025-09-04 12:11:10.322950+05:30,123.75,,9078600
2025-09-04 12:11:10.588164+05:30,123.95,,9078600
2025-09-04 12:11:11.333212+05:30,124.55,,9078600
2025-09-04 12:11:11.574248+05:30,124.1,,9078600
2025-09-04 12:11:12.070865+05:30,123.1,,9078600
2025-09-04 12:11:12.364035+05:30,122.6,,9078600
2025-09-04 12:11:13.424182+05:30,122.65,,9078600
2025-09-04 12:11:14.076045+05:30,122.3,,9078600
2025-09-04 12:11:14.326813+05:30,122.6,,9078600
2025-09-04 12:11:14.880029+05:30,122.7,,9078600
2025-09-04 12:11:15.065821+05:30,122.75,,9078600
2025-09-04 12:11:15.351319+05:30,122.75,,9078600
2025-09-04 12:11:15.670216+05:30,122.3,,9078600
2025-09-04 12:11:16.097955+05:30,122.45,,9078600
2025-09-04 12:11:16.317156+05:30,122.4,,9078600
2025-09-04 12:11:16.568231+05:30,122.4,,9078600
2025-09-04 12:11:17.361436+05:30,122.35,,9078600
2025-09-04 12:11:18.125787+05:30,122.2,,9078600
2025-09-04 12:11:18.386373+05:30,122.35,,9078600
2025-09-04 12:11:19.093486+05:30,122.35,,9078600
2025-09-04 12:11:19.316267+05:30,122.2,,9078600
2025-09-04 12:11:19.834026+05:30,122.4,,9078600
2025-09-04 12:11:20.070805+05:30,121.85,,9078600
2025-09-04 12:11:20.325650+05:30,121.85,,9078600
2025-09-04 12:11:20.671546+05:30,121.8,,9078600
2025-09-04 12:11:21.352663+05:30,121.85,,9078600
2025-09-04 12:11:21.592732+05:30,121.6,,9078600
2025-09-04 12:11:22.317712+05:30,121.85,,9078600
2025-09-04 12:11:23.075691+05:30,122.0,,9078600
2025-09-04 12:11:23.568199+05:30,121.6,,9078600
2025-09-04 12:11:24.089606+05:30,122.0,,9078600
2025-09-04 12:11:24.366470+05:30,121.85,,9078600
2025-09-04 12:11:24.620199+05:30,121.8,,9078600
2025-09-04 12:11:24.916444+05:30,121.85,,9078600
2025-09-04 12:11:25.339367+05:30,121.45,,9078600
2025-09-04 12:11:25.570613+05:30,121.1,,9078600
2025-09-04 12:11:26.091421+05:30,121.2,,9078600
2025-09-04 12:11:26.337285+05:30,121.15,,9078600
2025-09-04 12:11:26.570663+05:30,121.25,,9078600
2025-09-04 12:11:27.324453+05:30,121.15,,9078600
2025-09-04 12:11:28.388651+05:30,121.1,,9078600
2025-09-04 12:11:29.154320+05:30,121.1,,9078600
2025-09-04 12:11:29.316249+05:30,121.0,,9078600
2025-09-04 12:11:29.895894+05:30,122.5,,9078600
2025-09-04 12:11:30.348886+05:30,122.2,,9078600
2025-09-04 12:11:30.837348+05:30,122.25,,9078600
2025-09-04 12:11:31.150649+05:30,121.95,,9078600
2025-09-04 12:11:31.405593+05:30,122.0,,9078600
2025-09-04 12:11:31.590174+05:30,122.4,,9078600
2025-09-04 12:11:32.320529+05:30,122.2,,9078600
2025-09-04 12:11:33.387226+05:30,122.4,,9078600
2025-09-04 12:11:34.094399+05:30,122.0,,9078600
2025-09-04 12:11:34.365840+05:30,122.2,,9078600
2025-09-04 12:11:34.887611+05:30,122.0,,9078600
2025-09-04 12:11:35.339011+05:30,121.95,,9078600
2025-09-04 12:11:35.866861+05:30,121.95,,9078600
2025-09-04 12:11:36.347856+05:30,121.8,,9078600
2025-09-04 12:11:36.566298+05:30,121.9,,9078600
2025-09-04 12:11:37.366649+05:30,121.55,,9078600
2025-09-04 12:11:38.143518+05:30,121.6,,9078600
2025-09-04 12:11:38.379355+05:30,121.7,,9078600
2025-09-04 12:11:39.098051+05:30,121.2,,9078600
2025-09-04 12:11:39.372340+05:30,121.15,,9078600
2025-09-04 12:11:39.914687+05:30,121.25,,9078600
2025-09-04 12:11:40.068195+05:30,121.0,,9078600
2025-09-04 12:11:40.593916+05:30,120.85,,9078600
2025-09-04 12:11:40.860528+05:30,120.6,,9078600
2025-09-04 12:11:41.355928+05:30,120.75,,9078600
2025-09-04 12:11:41.647904+05:30,120.4,,9078600
2025-09-04 12:11:41.842517+05:30,121.0,,9078600
2025-09-04 12:11:42.392039+05:30,121.05,,9078600
2025-09-04 12:11:43.070288+05:30,121.35,,9078600
2025-09-04 12:11:43.422843+05:30,121.55,,9078600
2025-09-04 12:11:44.336991+05:30,121.35,,9078600
2025-09-04 12:11:45.159109+05:30,121.05,,9078600
2025-09-04 12:11:45.387386+05:30,120.95,,9078600
2025-09-04 12:11:45.820584+05:30,121.25,,9078600
2025-09-04 12:11:46.163611+05:30,121.1,,9078600
2025-09-04 12:11:46.316560+05:30,121.05,,9078600
2025-09-04 12:11:46.833017+05:30,121.05,,9078600
2025-09-04 12:11:47.070301+05:30,121.1,,9078600
2025-09-04 12:11:47.570209+05:30,120.9,,9078600
2025-09-04 12:11:48.342384+05:30,120.7,,9078600
2025-09-04 12:11:49.339811+05:30,120.8,,9078600
2025-09-04 12:11:50.070575+05:30,121.15,,9078600
2025-09-04 12:11:50.584377+05:30,121.5,,9078600
2025-09-04 12:11:50.843636+05:30,121.45,,9078600
2025-09-04 12:11:51.327224+05:30,121.15,,9078600
2025-09-04 12:11:51.828225+05:30,121.1,,9078600
2025-09-04 12:11:52.070183+05:30,121.0,,9078600
2025-09-04 12:11:52.570348+05:30,121.0,,9078600
2025-09-04 12:11:53.352500+05:30,120.8,,9078600
2025-09-04 12:11:54.328381+05:30,121.0,,9078600
2025-09-04 12:11:55.104094+05:30,120.8,,9078600
2025-09-04 12:11:55.326856+05:30,120.9,,9078600
2025-09-04 12:11:55.621602+05:30,120.8,,9078600
2025-09-04 12:11:55.817307+05:30,120.5,,9078600
2025-09-04 12:11:56.397538+05:30,120.65,,9078600
2025-09-04 12:11:56.631408+05:30,120.65,,9078600
2025-09-04 12:11:57.344474+05:30,120.7,,9078600
2025-09-04 12:11:58.069988+05:30,120.85,,9078600
2025-09-04 12:11:58.342749+05:30,121.1,,9078600
2025-09-04 12:11:59.395413+05:30,120.5,,9078600
2025-09-04 12:12:00.102026+05:30,119.05,,9078600
2025-09-04 12:12:00.319779+05:30,119.0,,9078600
2025-09-04 12:12:00.819950+05:30,119.75,,9078600
2025-09-04 12:12:01.100263+05:30,119.45,,9078600
2025-09-04 12:12:01.334841+05:30,119.95,,9078600
2025-09-04 12:12:02.391608+05:30,118.85,,9078600
2025-09-04 12:12:03.345059+05:30,119.2,,9078600
2025-09-04 12:12:04.069926+05:30,119.2,,9078600
2025-09-04 12:12:04.565488+05:30,119.5,,9078600
2025-09-04 12:12:05.069824+05:30,119.9,,9078600
2025-09-04 12:12:05.354844+05:30,119.8,,9078600
2025-09-04 12:12:05.825113+05:30,119.25,,9078600
2025-09-04 12:12:06.065911+05:30,119.0,,9078600
2025-09-04 12:12:06.570389+05:30,119.15,,9078600
2025-09-04 12:12:07.320239+05:30,120.0,,9078600
2025-09-04 12:12:07.576781+05:30,120.0,,9078600
2025-09-04 12:12:08.341770+05:30,119.6,,9078600
2025-09-04 12:12:09.069905+05:30,120.85,,9078600
2025-09-04 12:12:09.342874+05:30,120.5,,9078600
2025-09-04 12:12:10.169934+05:30,120.3,,9078600
2025-09-04 12:12:10.374764+05:30,120.45,,9078600
2025-09-04 12:12:10.843938+05:30,120.8,,9078600
2025-09-04 12:12:11.320031+05:30,120.8,,9078600
2025-09-04 12:12:11.566135+05:30,120.7,,9078600
2025-09-04 12:12:12.069908+05:30,120.75,,9078600
2025-09-04 12:12:12.576254+05:30,120.5,,9078600
2025-09-04 12:12:13.322644+05:30,119.95,,9078600
2025-09-04 12:12:14.074814+05:30,120.25,,9078600
2025-09-04 12:12:14.587450+05:30,120.3,,9078600
2025-09-04 12:12:15.088336+05:30,120.05,,9078600
2025-09-04 12:12:15.343909+05:30,119.95,,9078600
2025-09-04 12:12:15.820559+05:30,120.3,,9078600
2025-09-04 12:12:16.329485+05:30,120.05,,9078600
2025-09-04 12:12:17.374149+05:30,119.9,,9078600
2025-09-04 12:12:18.382571+05:30,119.85,,9078600
2025-09-04 12:12:19.120635+05:30,120.0,,9078600
2025-09-04 12:12:19.319511+05:30,119.85,,9078600
2025-09-04 12:12:20.131798+05:30,119.75,,9078600
2025-09-04 12:12:20.356562+05:30,119.25,,9078600
2025-09-04 12:12:20.884302+05:30,118.8,,9078600
2025-09-04 12:12:21.371876+05:30,118.9,,9078600
2025-09-04 12:12:22.121435+05:30,119.3,,9078600
2025-09-04 12:12:22.336625+05:30,119.35,,9078600
2025-09-04 12:12:23.319715+05:30,118.85,,9078600
2025-09-04 12:12:24.074878+05:30,117.7,,9078600
2025-09-04 12:12:24.370839+05:30,117.95,,9078600
2025-09-04 12:12:25.069577+05:30,117.85,,9078600
2025-09-04 12:12:25.353761+05:30,118.45,,9078600
2025-09-04 12:16:19.270146+05:30,120.85,,9851175
2025-09-04 12:16:19.408422+05:30,120.6,,9851175
2025-09-04 12:16:19.596125+05:30,120.7,,9851175
2025-09-04 12:16:20.397843+05:30,120.25,,9851175
2025-09-04 12:16:21.412303+05:30,119.05,,9851175
2025-09-04 12:16:21.628304+05:30,119.0,,9851175
2025-09-04 12:16:22.334077+05:30,119.3,,9851175
2025-09-04 12:16:23.107207+05:30,118.95,,9851175
2025-09-04 12:16:23.462327+05:30,119.25,,9851175
2025-09-04 12:16:23.628720+05:30,118.9,,9851175
2025-09-04 12:16:24.420657+05:30,119.25,,9851175
2025-09-04 12:16:24.589174+05:30,118.95,,9851175
2025-09-04 12:16:25.379757+05:30,118.6,,9851175
2025-09-04 12:16:26.313370+05:30,118.0,,9851175
2025-09-04 12:16:26.628268+05:30,118.05,,9851175
2025-09-04 12:16:27.374716+05:30,117.9,,9851175
2025-09-04 12:16:27.612397+05:30,118.0,,9851175
2025-09-04 12:18:25.034056+05:30,119.15,,9851175
2025-09-04 12:18:25.228728+05:30,118.35,,9851175
2025-09-04 12:18:25.507490+05:30,118.65,,9851175
2025-09-04 12:18:26.458346+05:30,118.5,,9851175
2025-09-04 12:18:27.008206+05:30,118.4,,9851175
2025-09-04 12:18:27.253821+05:30,118.35,,9851175
2025-09-04 12:18:27.469021+05:30,118.2,,9851175
2025-09-04 12:18:28.005967+05:30,118.35,,9851175
2025-09-04 12:18:28.252263+05:30,118.1,,9851175
2025-09-04 12:18:28.494213+05:30,118.15,,9851175
2025-09-04 12:18:29.245097+05:30,118.45,,9851175
2025-09-04 12:18:29.567860+05:30,118.2,,9851175
2025-09-04 12:18:30.275269+05:30,118.0,,9851175
2025-09-04 12:18:30.565195+05:30,117.4,,9851175
2025-09-04 12:18:31.301120+05:30,117.3,,9851175
2025-09-04 12:18:31.484446+05:30,117.5,,9851175
2025-09-04 12:18:32.017641+05:30,117.75,,9851175
2025-09-04 12:18:32.242783+05:30,117.75,,9851175
2025-09-04 12:18:32.512209+05:30,117.75,,9851175
2025-09-04 12:18:33.033592+05:30,117.75,,9851175
2025-09-04 12:18:33.225493+05:30,117.8,,9851175
2025-09-04 12:18:33.513270+05:30,117.8,,9851175
2025-09-04 12:18:34.242468+05:30,117.85,,9851175
2025-09-04 12:18:34.456228+05:30,118.1,,9851175
2025-09-04 12:18:35.238262+05:30,117.5,,9851175
2025-09-04 12:18:35.536734+05:30,117.85,,9851175
2025-09-04 12:18:36.021547+05:30,117.6,,9851175
2025-09-04 12:18:36.275168+05:30,117.55,,9851175
2025-09-04 12:18:36.476876+05:30,117.65,,9851175
2025-09-04 12:18:37.267045+05:30,117.65,,9851175
2025-09-04 12:18:37.474629+05:30,117.85,,9851175
2025-09-04 12:18:37.741379+05:30,117.5,,9851175
2025-09-04 12:18:38.209919+05:30,117.3,,9851175
2025-09-04 12:18:38.542102+05:30,117.5,,9851175
2025-09-04 12:18:39.207204+05:30,117.05,,9851175
2025-09-04 12:18:39.482556+05:30,117.05,,9851175
2025-09-04 12:18:40.275744+05:30,117.0,,9851175
2025-09-04 12:18:40.451914+05:30,116.7,,9851175
2025-09-04 12:18:40.996005+05:30,116.8,,9851175
2025-09-04 12:18:41.280143+05:30,117.0,,9851175
2025-09-04 12:18:41.515131+05:30,117.25,,9851175
2025-09-04 12:18:42.251933+05:30,116.9,,9851175
2025-09-04 12:18:42.480201+05:30,117.15,,9851175
2025-09-04 12:18:43.213190+05:30,117.25,,9851175
2025-09-04 12:18:43.514538+05:30,117.05,,9851175
2025-09-04 12:18:44.235060+05:30,117.25,,9851175
2025-09-04 12:18:44.551996+05:30,117.25,,9851175
2025-09-04 12:18:45.231526+05:30,117.25,,9851175
2025-09-04 12:18:45.554900+05:30,117.25,,9851175
2025-09-04 12:18:46.268482+05:30,117.4,,9851175
2025-09-04 12:18:46.513819+05:30,117.0,,9851175
2025-09-04 12:18:47.201204+05:30,116.75,,9851175
2025-09-04 12:18:47.461362+05:30,116.35,,9851175
2025-09-04 12:18:47.730947+05:30,116.85,,9851175
2025-09-04 12:18:48.537298+05:30,116.75,,9851175
2025-09-04 12:18:49.201649+05:30,116.85,,9851175
2025-09-04 12:18:49.526721+05:30,116.65,,9851175
2025-09-04 12:18:50.036902+05:30,116.55,,9851175
2025-09-04 12:18:50.240953+05:30,116.65,,9851175
2025-09-04 12:18:50.525195+05:30,116.8,,9851175
2025-09-04 12:18:51.248524+05:30,116.5,,9851175
2025-09-04 12:18:51.502277+05:30,116.3,,9851175
2025-09-04 12:18:52.219138+05:30,116.7,,9851175
2025-09-04 12:18:52.482140+05:30,116.6,,9851175
2025-09-04 12:18:53.226849+05:30,116.95,,9851175
2025-09-04 12:18:53.476066+05:30,116.55,,9851175
2025-09-04 12:18:54.226337+05:30,115.5,,9851175
2025-09-04 12:18:54.453237+05:30,115.75,,9851175
2025-09-04 12:18:55.219111+05:30,115.8,,9851175
2025-09-04 12:18:55.512544+05:30,115.45,,9851175
2025-09-04 12:18:55.973006+05:30,115.6,,9851175
2025-09-04 12:18:56.296048+05:30,115.95,,9851175
2025-09-04 12:18:56.505484+05:30,115.55,,9851175
2025-09-04 12:18:57.542654+05:30,115.45,,9851175
2025-09-04 12:18:57.742109+05:30,115.6,,9851175
2025-09-04 12:18:58.245352+05:30,113.55,,9851175
2025-09-04 12:18:58.471773+05:30,113.7,,9851175
2025-09-04 12:18:59.201945+05:30,113.95,,9862275
2025-09-04 12:18:59.486018+05:30,113.8,,9862275
2025-09-04 12:19:00.273571+05:30,113.75,,9862275
2025-09-04 12:19:00.566164+05:30,114.0,,9862275
2025-09-04 12:19:00.991712+05:30,113.7,,9862275
2025-09-04 12:19:01.252436+05:30,113.95,,9862275
2025-09-04 12:19:01.503354+05:30,114.3,,9862275
2025-09-04 12:19:02.480002+05:30,114.7,,9862275
2025-09-04 12:19:02.747603+05:30,114.3,,9862275
2025-09-04 12:19:03.235458+05:30,114.6,,9862275
2025-09-04 12:19:03.504853+05:30,114.55,,9862275
2025-09-04 12:19:04.217178+05:30,115.2,,9862275
2025-09-04 12:19:04.492192+05:30,115.1,,9862275
2025-09-04 12:19:05.053845+05:30,115.15,,9862275
2025-09-04 12:19:05.226096+05:30,114.95,,9862275
2025-09-04 12:19:05.481108+05:30,114.9,,9862275
2025-09-04 12:19:06.052617+05:30,115.25,,9862275
2025-09-04 12:19:06.526827+05:30,115.3,,9862275
2025-09-04 12:33:57.560176+05:30,115.65,,11121375
2025-09-04 12:33:58.188609+05:30,115.5,,11121375
2025-09-04 12:33:58.383822+05:30,115.75,,11121375
2025-09-04 12:33:59.252843+05:30,116.35,,11121375
2025-09-04 12:33:59.655286+05:30,116.6,,11121375
2025-09-04 12:34:00.185021+05:30,116.55,,11121375
2025-09-04 12:34:00.388127+05:30,116.55,,11121375
2025-09-04 12:34:01.149315+05:30,116.2,,11121375
2025-09-04 12:34:01.436245+05:30,116.45,,11121375
2025-09-04 12:34:02.169849+05:30,116.5,,11082300
2025-09-04 12:34:02.426077+05:30,116.55,,11082300
2025-09-04 12:34:03.158070+05:30,116.75,,11082300
2025-09-04 12:34:03.687522+05:30,117.0,,11082300
2025-09-04 12:34:04.165919+05:30,116.9,,11082300
2025-09-04 12:34:04.629197+05:30,116.85,,11082300
2025-09-04 12:34:05.175449+05:30,117.75,,11082300
2025-09-04 12:34:05.439837+05:30,117.7,,11082300
2025-09-04 12:34:06.236021+05:30,118.0,,11082300
2025-09-04 12:34:06.918335+05:30,118.3,,11082300
2025-09-04 12:34:07.123339+05:30,118.25,,11082300
2025-09-04 12:34:08.137536+05:30,118.2,,11082300
2025-09-04 12:34:08.436633+05:30,117.3,,11082300
2025-09-04 12:34:09.205735+05:30,117.75,,11082300
2025-09-04 12:34:09.647068+05:30,117.0,,11082300
2025-09-04 12:34:10.124071+05:30,116.6,,11082300
2025-09-04 12:34:11.122233+05:30,116.85,,11082300
2025-09-04 12:34:11.894155+05:30,116.75,,11082300
2025-09-04 12:34:12.173591+05:30,116.55,,11082300
2025-09-04 12:34:13.197013+05:30,116.7,,11082300
2025-09-04 12:34:13.672341+05:30,116.9,,11082300
2025-09-04 12:34:14.217217+05:30,116.6,,11082300
2025-09-04 12:34:14.627106+05:30,116.7,,11082300
2025-09-04 12:34:15.126892+05:30,116.5,,11082300
2025-09-04 12:34:15.395044+05:30,116.2,,11082300
2025-09-04 12:34:16.156524+05:30,115.9,,11082300
2025-09-04 12:34:16.876862+05:30,115.5,,11082300
2025-09-04 12:34:17.183515+05:30,115.5,,11082300
2025-09-04 12:34:18.161069+05:30,115.55,,11082300
2025-09-04 12:34:18.424167+05:30,115.55,,11082300
2025-09-04 12:34:19.126741+05:30,115.55,,11082300
2025-09-04 12:34:19.374466+05:30,115.85,,11082300
2025-09-04 12:34:19.682355+05:30,115.85,,11082300
2025-09-04 12:34:20.194632+05:30,115.9,,11082300
2025-09-04 12:34:21.135098+05:30,116.25,,11082300
2025-09-04 12:34:21.891494+05:30,116.1,,11082300
2025-09-04 12:34:22.138225+05:30,115.7,,11082300
2025-09-04 12:34:23.192858+05:30,115.55,,11082300
2025-09-04 12:34:23.416633+05:30,115.65,,11082300
2025-09-04 12:34:24.126808+05:30,115.65,,11082300
2025-09-04 12:34:24.475107+05:30,115.75,,11082300
2025-09-04 12:34:24.663106+05:30,116.05,,11082300
2025-09-04 12:34:25.200127+05:30,116.15,,11082300
2025-09-04 12:34:26.215538+05:30,115.8,,11082300
2025-09-04 12:34:26.904055+05:30,114.75,,11082300
2025-09-04 12:34:27.141959+05:30,115.1,,11082300
2025-09-04 12:34:28.206047+05:30,115.2,,11082300
2025-09-04 12:34:28.388448+05:30,115.2,,11082300
2025-09-04 12:34:29.148523+05:30,115.0,,11082300
2025-09-04 12:34:29.624101+05:30,115.5,,11082300
2025-09-04 12:34:30.126616+05:30,115.55,,11082300
2025-09-04 12:34:30.461282+05:30,115.8,,11082300
2025-09-04 12:34:31.235983+05:30,116.1,,11082300
2025-09-04 12:34:31.457842+05:30,115.85,,11082300
2025-09-04 12:34:31.925079+05:30,115.75,,11082300
2025-09-04 12:34:32.196461+05:30,115.4,,11082300
2025-09-04 12:34:33.172505+05:30,115.3,,11082300
2025-09-04 12:34:33.388523+05:30,115.45,,11082300
2025-09-04 12:34:33.632035+05:30,115.35,,11082300
2025-09-04 12:34:34.134170+05:30,115.25,,11082300
2025-09-04 12:34:34.623083+05:30,115.3,,11082300
2025-09-04 12:34:35.123372+05:30,114.95,,11082300
2025-09-04 12:34:35.380908+05:30,115.05,,11082300
2025-09-04 12:34:36.122352+05:30,115.0,,11082300
2025-09-04 12:34:36.909025+05:30,114.9,,11082300
2025-09-04 12:34:37.146386+05:30,114.95,,11082300
2025-09-04 12:34:37.376474+05:30,114.75,,11082300
2025-09-04 12:34:38.145471+05:30,114.65,,11082300
2025-09-04 12:34:38.682752+05:30,114.7,,11082300
2025-09-04 12:34:39.183233+05:30,114.6,,11082300
2025-09-04 12:34:39.646189+05:30,114.2,,11082300
2025-09-04 12:34:40.164539+05:30,114.0,,11082300
2025-09-04 12:34:41.132431+05:30,113.6,,11082300
2025-09-04 12:34:41.445578+05:30,113.7,,11082300
2025-09-04 12:34:42.160299+05:30,113.25,,11082300
2025-09-04 12:34:42.447054+05:30,113.8,,11082300
2025-09-04 12:34:43.179871+05:30,113.75,,11082300
2025-09-04 12:34:43.393518+05:30,114.0,,11082300
2025-09-04 12:34:43.626528+05:30,113.85,,11082300
2025-09-04 12:34:44.148425+05:30,114.05,,11082300
2025-09-04 12:34:44.406213+05:30,113.85,,11082300
2025-09-04 12:34:44.671247+05:30,114.05,,11082300
2025-09-04 12:34:45.168996+05:30,113.8,,11082300
2025-09-04 12:34:45.383692+05:30,113.95,,11082300
2025-09-04 12:34:46.148885+05:30,113.7,,11082300
2025-09-04 12:34:47.126251+05:30,113.85,,11082300
2025-09-04 12:34:48.224591+05:30,113.35,,11082300
2025-09-04 12:34:48.409425+05:30,113.6,,11082300
2025-09-04 12:34:48.638690+05:30,113.3,,11082300
2025-09-04 12:34:49.149569+05:30,113.35,,11082300
2025-09-04 12:34:49.389687+05:30,113.4,,11082300
2025-09-04 12:34:49.665406+05:30,113.4,,11082300
2025-09-04 12:34:50.180986+05:30,113.4,,11082300
2025-09-04 12:34:50.384400+05:30,113.25,,11082300
2025-09-04 12:34:51.134727+05:30,112.95,,11082300
2025-09-04 12:34:51.432417+05:30,112.8,,11082300
2025-09-04 12:34:52.212888+05:30,112.8,,11082300
2025-09-04 12:34:52.457609+05:30,112.8,,11082300
2025-09-04 12:34:52.882161+05:30,112.9,,11082300
2025-09-04 12:34:53.189844+05:30,113.05,,11082300
2025-09-04 12:34:53.406982+05:30,113.4,,11082300
2025-09-04 12:34:53.710331+05:30,113.35,,11082300
2025-09-04 12:34:54.210563+05:30,113.0,,11082300
2025-09-04 12:34:54.455101+05:30,113.35,,11082300
2025-09-04 12:34:55.156495+05:30,113.35,,11082300
2025-09-04 12:34:56.147266+05:30,113.45,,11082300
2025-09-04 12:34:56.416105+05:30,113.3,,11082300
2025-09-04 12:34:56.949456+05:30,113.0,,11082300
2025-09-04 12:34:57.136607+05:30,112.95,,11082300
2025-09-04 12:34:57.898410+05:30,113.25,,11082300
2025-09-04 12:34:58.187509+05:30,112.95,,11082300
2025-09-04 12:34:58.692417+05:30,113.1,,11082300
2025-09-04 12:34:59.159629+05:30,112.9,,11082300
2025-09-04 12:34:59.626362+05:30,112.7,,11082300
2025-09-04 12:35:00.159093+05:30,112.85,,11082300
2025-09-04 12:35:00.452828+05:30,112.85,,11082300
2025-09-04 12:35:01.206436+05:30,112.4,,11082300
2025-09-04 12:35:01.388927+05:30,112.3,,11082300
2025-09-04 12:35:01.938471+05:30,112.3,,11082300
2025-09-04 12:35:02.228003+05:30,112.6,,11082300
2025-09-04 12:35:02.903597+05:30,112.5,,11082300
2025-09-04 12:35:03.193559+05:30,112.6,,11082300
2025-09-04 12:35:03.397939+05:30,112.7,,11082300
2025-09-04 12:35:03.653868+05:30,112.7,,11082300
2025-09-04 12:35:04.137998+05:30,112.75,,11082300
2025-09-04 12:35:04.487058+05:30,112.65,,11082300
2025-09-04 12:35:05.180698+05:30,111.85,,11082300
2025-09-04 12:35:05.397229+05:30,111.6,,11082300
2025-09-04 12:35:06.130663+05:30,111.1,,11082300
2025-09-04 12:35:06.960370+05:30,111.5,,11082300
2025-09-04 12:35:07.180226+05:30,111.75,,11082300
2025-09-04 12:35:07.920805+05:30,111.8,,11082300
2025-09-04 12:35:08.175850+05:30,112.25,,11082300
2025-09-04 12:35:08.435657+05:30,112.25,,11082300
2025-09-04 12:35:09.161059+05:30,112.55,,11082300
2025-09-04 12:35:09.378480+05:30,112.6,,11082300
2025-09-04 12:35:10.122145+05:30,112.65,,11082300
2025-09-04 12:35:10.403060+05:30,112.8,,11082300
2025-09-04 12:35:11.121131+05:30,112.3,,11082300
2025-09-04 12:35:11.942952+05:30,112.1,,11082300
2025-09-04 12:35:12.185427+05:30,111.9,,11082300
2025-09-04 12:35:12.937741+05:30,112.4,,11082300
2025-09-04 12:35:13.136013+05:30,112.1,,11082300
2025-09-04 12:35:13.393757+05:30,112.2,,11082300
2025-09-04 12:35:14.182832+05:30,112.25,,11082300
2025-09-04 12:35:14.380346+05:30,112.45,,11082300
2025-09-04 12:35:15.126113+05:30,112.6,,11082300
2025-09-04 12:35:16.122325+05:30,112.65,,11082300
2025-09-04 12:35:16.416481+05:30,112.45,,11082300
2025-09-04 12:35:16.936772+05:30,113.45,,11082300
2025-09-04 12:35:17.181187+05:30,113.35,,11082300
2025-09-04 12:35:17.902991+05:30,113.35,,11082300
2025-09-04 12:35:18.209825+05:30,113.4,,11082300
2025-09-04 12:35:18.443109+05:30,113.25,,11082300
2025-09-04 12:35:19.143015+05:30,113.05,,11082300
2025-09-04 12:35:19.377134+05:30,112.85,,11082300
2025-09-04 12:35:20.148093+05:30,113.2,,11082300
2025-09-04 12:35:21.151968+05:30,113.0,,11082300
2025-09-04 12:35:21.625958+05:30,112.75,,11082300
2025-09-04 12:35:22.138061+05:30,113.0,,11082300
2025-09-04 12:35:22.375552+05:30,112.7,,11082300
2025-09-04 12:35:22.626117+05:30,113.0,,11082300
2025-09-04 12:35:23.133363+05:30,113.0,,11082300
2025-09-04 12:35:23.398690+05:30,113.1,,11082300
2025-09-04 12:35:24.120872+05:30,113.05,,11082300
2025-09-04 12:35:24.403489+05:30,112.85,,11082300
2025-09-04 12:35:25.174950+05:30,112.9,,11082300
2025-09-04 12:35:26.165193+05:30,113.35,,11082300
2025-09-04 12:35:26.625741+05:30,113.35,,11082300
2025-09-04 12:35:27.139427+05:30,113.3,,11082300
2025-09-04 12:35:27.387230+05:30,113.3,,11082300
2025-09-04 12:35:27.642648+05:30,113.15,,11082300
2025-09-04 13:44:21.919152+05:30,110.15,,10165275
2025-09-04 13:44:22.270639+05:30,110.2,,10165275
2025-09-04 13:44:22.680487+05:30,109.85,,10165275
2025-09-04 13:44:23.483920+05:30,110.0,,10165275
2025-09-04 13:44:23.722695+05:30,110.2,,10165275
2025-09-04 13:44:24.240939+05:30,109.95,,10165275
2025-09-04 13:44:24.442273+05:30,110.2,,10165275
2025-09-04 13:44:25.487739+05:30,110.2,,10165275
2025-09-04 13:44:25.674842+05:30,110.05,,10165275
2025-09-04 13:44:26.457247+05:30,110.65,,10165275
2025-09-04 13:44:27.225214+05:30,110.8,,10165275
2025-09-04 13:44:27.489555+05:30,110.75,,10165275
2025-09-04 13:44:27.658244+05:30,110.8,,10165275
2025-09-04 13:44:28.543267+05:30,111.35,,10165275
2025-09-04 13:44:29.153423+05:30,111.55,,10165275
2025-09-04 13:44:29.681728+05:30,111.05,,10165275
2025-09-04 13:44:30.222503+05:30,111.15,,10165275
2025-09-04 13:44:30.726103+05:30,111.1,,10165275
2025-09-04 13:44:31.452149+05:30,111.4,,10165275
2025-09-04 13:44:31.692201+05:30,111.25,,10165275
2025-09-04 13:44:31.903956+05:30,111.55,,10165275
2025-09-04 13:44:32.470869+05:30,111.6,,10165275
2025-09-04 13:44:32.693660+05:30,111.65,,10165275
2025-09-04 13:44:33.547194+05:30,111.75,,10165275
2025-09-04 13:44:34.230472+05:30,111.5,,10165275
2025-09-04 13:44:34.509178+05:30,111.45,,10165275
2025-09-04 13:44:35.461311+05:30,111.6,,10165275
2025-09-04 13:44:35.694085+05:30,111.7,,10165275
2025-09-04 13:44:36.686630+05:30,111.45,,10165275
2025-09-04 13:44:36.946863+05:30,111.35,,10165275
2025-09-04 13:44:37.507673+05:30,111.1,,10165275
2025-09-04 13:44:37.693191+05:30,111.2,,10165275
2025-09-04 13:44:38.424718+05:30,111.1,,10165275
2025-09-04 13:44:38.701483+05:30,111.1,,10165275
2025-09-04 13:44:39.205979+05:30,111.35,,10165275
2025-09-04 13:44:39.442970+05:30,111.2,,10165275
2025-09-04 13:44:40.162360+05:30,111.3,,10165275
2025-09-04 13:44:40.466646+05:30,111.25,,10165275
2025-09-04 13:44:40.679743+05:30,111.25,,10165275
2025-09-04 13:44:41.457592+05:30,111.4,,10165275
2025-09-04 13:44:41.690883+05:30,111.7,,10165275
2025-09-04 13:44:42.685913+05:30,111.35,,10165275
2025-09-04 13:44:43.447769+05:30,112.45,,10165275
2025-09-04 13:44:44.482503+05:30,112.5,,10165275
2025-09-04 13:44:44.653703+05:30,112.5,,10165275
2025-09-04 13:44:45.203833+05:30,112.35,,10165275
2025-09-04 13:44:45.660172+05:30,112.35,,10165275
2025-09-04 13:44:46.513486+05:30,112.75,,10165275
2025-09-04 13:44:46.658069+05:30,112.75,,10165275
2025-09-04 13:44:47.658036+05:30,112.75,,10165275
2025-09-04 13:44:48.235204+05:30,112.65,,10165275
2025-09-04 13:44:48.692980+05:30,112.95,,10165275
2025-09-04 13:44:49.469624+05:30,112.85,,10165275
2025-09-04 13:44:49.669910+05:30,112.65,,10165275
2025-09-04 13:44:50.228183+05:30,112.9,,10165275
2025-09-04 13:44:50.457778+05:30,112.55,,10165275
2025-09-04 13:44:50.659580+05:30,112.35,,10165275
2025-09-04 13:44:51.535123+05:30,112.3,,10165275
2025-09-04 13:44:52.465343+05:30,112.55,,10165275
2025-09-04 13:44:53.404266+05:30,112.9,,10165275
2025-09-04 13:44:54.256046+05:30,113.0,,10165275
2025-09-04 13:44:54.459479+05:30,113.2,,10165275
2025-09-04 13:44:54.695758+05:30,112.85,,10165275
2025-09-04 13:44:54.963990+05:30,112.8,,10165275
2025-09-04 13:44:55.449590+05:30,112.7,,10165275
2025-09-04 13:44:56.430962+05:30,112.65,,10165275
2025-09-04 13:44:56.674656+05:30,112.5,,10165275
2025-09-04 13:44:57.443789+05:30,112.25,,10165275
2025-09-04 13:44:58.494161+05:30,112.5,,10165275
2025-09-04 13:44:59.264165+05:30,112.3,,10165275
2025-09-04 13:44:59.681897+05:30,112.0,,10165275
2025-09-04 13:45:00.712470+05:30,112.25,,10165275
2025-09-04 13:45:01.448789+05:30,111.7,,10165275
2025-09-04 13:45:01.723835+05:30,111.65,,10165275
2025-09-04 13:45:02.675436+05:30,112.05,,10165275
2025-09-04 13:45:03.462108+05:30,112.2,,10165275
2025-09-04 13:45:03.730162+05:30,112.25,,10165275
2025-09-04 13:45:04.187752+05:30,112.35,,10165275
2025-09-04 13:45:04.449516+05:30,112.1,,10165275
2025-09-04 13:45:04.675048+05:30,112.2,,10165275
2025-09-04 13:45:04.911526+05:30,112.2,,10165275
2025-09-04 13:45:05.445044+05:30,112.0,,10165275
2025-09-04 13:45:06.454577+05:30,111.55,,10165275
2025-09-04 13:45:07.465260+05:30,111.6,,10165275
2025-09-04 13:45:07.657849+05:30,111.8,,10165275
2025-09-04 13:45:08.246130+05:30,112.0,,10165275
2025-09-04 13:45:08.499594+05:30,111.9,,10165275
2025-09-04 13:45:09.230097+05:30,111.55,,10165275
2025-09-04 13:45:09.674363+05:30,111.5,,10165275
2025-09-04 13:45:10.481616+05:30,111.65,,10165275
2025-09-04 13:45:10.672728+05:30,111.5,,10165275
2025-09-04 13:45:11.456044+05:30,111.4,,10165275
2025-09-04 13:45:11.680851+05:30,111.6,,10165275
2025-09-04 13:45:12.674606+05:30,111.9,,10165275
2025-09-04 13:45:13.198732+05:30,112.45,,10165275
2025-09-04 13:45:13.409098+05:30,112.15,,10165275
2025-09-04 13:45:14.217467+05:30,112.25,,10165275
2025-09-04 13:45:14.434745+05:30,112.1,,10165275
2025-09-04 13:45:14.665340+05:30,112.15,,10165275
2025-09-04 13:45:15.466056+05:30,112.3,,10165275
2025-09-04 13:45:15.679319+05:30,112.45,,10165275
2025-09-04 13:45:16.433277+05:30,112.4,,10165275
2025-09-04 13:45:16.730643+05:30,112.25,,10165275
2025-09-04 13:45:17.514930+05:30,112.4,,10165275
2025-09-04 13:45:18.415416+05:30,112.7,,10165275
2025-09-04 13:45:18.673890+05:30,112.7,,10165275
2025-09-04 13:45:19.284740+05:30,112.75,,10165275
2025-09-04 13:45:19.467575+05:30,113.25,,10165275
2025-09-04 13:45:19.945778+05:30,113.35,,10165275
2025-09-04 13:45:20.461849+05:30,112.9,,10165275
2025-09-04 13:45:21.447576+05:30,112.9,,10165275
2025-09-04 13:45:21.692020+05:30,112.4,,10165275
2025-09-04 13:45:22.554114+05:30,114.2,,10165275
2025-09-04 13:45:23.216192+05:30,114.0,,10165275
2025-09-04 13:45:23.409089+05:30,113.85,,10165275
2025-09-04 13:45:23.685825+05:30,113.8,,10165275
2025-09-04 13:45:24.171285+05:30,114.15,,10165275
2025-09-04 13:45:24.447211+05:30,114.45,,10165275
2025-09-04 13:45:24.663143+05:30,114.5,,10165275
2025-09-04 13:45:24.923843+05:30,114.1,,10165275
2025-09-04 13:45:25.422731+05:30,114.3,,10165275
2025-09-04 13:45:25.657605+05:30,114.5,,10165275
2025-09-04 13:45:26.497669+05:30,114.35,,10165275
2025-09-04 13:45:26.708086+05:30,114.35,,10165275
2025-09-04 13:45:27.530322+05:30,113.95,,10165275
2025-09-04 13:45:27.673101+05:30,113.8,,10165275
2025-09-04 13:45:28.291636+05:30,114.0,,10165275
2025-09-04 13:45:28.674337+05:30,114.0,,10165275
2025-09-04 13:45:29.237398+05:30,113.8,,10165275
2025-09-04 13:45:29.411736+05:30,113.6,,10165275
2025-09-04 13:45:29.690362+05:30,113.7,,10165275
2025-09-04 13:45:29.956563+05:30,113.7,,10165275
2025-09-04 13:45:30.403106+05:30,113.5,,10165275
2025-09-04 13:45:30.714720+05:30,113.55,,10165275
2025-09-04 13:45:31.469910+05:30,113.5,,10165275
2025-09-04 13:45:31.714293+05:30,113.35,,10165275
2025-09-04 13:45:32.658641+05:30,112.85,,10165275
2025-09-04 13:45:33.237254+05:30,112.9,,10165275
2025-09-04 13:45:33.500097+05:30,112.75,,10165275
2025-09-04 13:45:33.664425+05:30,112.7,,10165275
2025-09-04 13:45:34.214524+05:30,112.45,,10165275
2025-09-04 13:45:34.424278+05:30,112.85,,10165275
2025-09-04 13:45:34.696606+05:30,112.85,,10165275
2025-09-04 13:45:34.959764+05:30,112.9,,10165275
2025-09-04 13:45:35.447434+05:30,112.8,,10165275
2025-09-04 13:45:35.657805+05:30,112.55,,10165275
2025-09-04 13:45:36.452176+05:30,112.9,,10165275
2025-09-04 13:45:36.724345+05:30,112.9,,10165275
2025-09-04 13:45:37.506084+05:30,112.8,,10165275
2025-09-04 13:45:37.679212+05:30,112.8,,10165275
2025-09-04 13:45:38.457316+05:30,112.75,,10165275
2025-09-04 13:45:38.666728+05:30,112.45,,10165275
2025-09-04 13:45:39.211792+05:30,112.8,,10165275
2025-09-04 13:45:39.468970+05:30,112.35,,10165275
2025-09-04 13:45:39.657488+05:30,112.45,,10165275
2025-09-04 13:45:39.982117+05:30,112.25,,10165275
2025-09-04 13:45:40.458629+05:30,112.5,,10165275
2025-09-04 13:45:41.505983+05:30,112.75,,10165275
2025-09-04 13:45:41.701584+05:30,112.45,,10165275
2025-09-04 13:45:42.498944+05:30,112.4,,10165275
2025-09-04 13:45:42.678664+05:30,112.45,,10165275
2025-09-04 13:45:43.470017+05:30,112.4,,10165275
2025-09-04 13:45:44.215654+05:30,112.7,,10165275
2025-09-04 13:45:44.458352+05:30,112.5,,10165275
2025-09-04 13:45:44.668948+05:30,112.45,,10165275
2025-09-04 13:45:44.956050+05:30,112.3,,10165275
2025-09-04 13:45:45.549350+05:30,113.0,,10165275
2025-09-04 13:45:45.679880+05:30,112.95,,10165275
2025-09-04 13:45:46.517174+05:30,113.2,,10165275
2025-09-04 13:45:46.710582+05:30,113.35,,10165275
2025-09-04 13:45:47.565872+05:30,113.3,,10165275
2025-09-04 13:45:48.194432+05:30,113.65,,10165275
2025-09-04 13:45:48.469299+05:30,113.55,,10165275
2025-09-04 13:45:48.674235+05:30,113.55,,10165275
2025-09-04 13:45:49.227096+05:30,113.0,,10165275
2025-09-04 13:45:49.473077+05:30,113.2,,10165275
2025-09-04 13:45:49.661727+05:30,113.2,,10165275
2025-09-04 13:45:49.951617+05:30,113.2,,10165275
2025-09-04 13:45:50.442712+05:30,113.0,,10165275
2025-09-04 13:45:50.667204+05:30,113.25,,10165275
2025-09-04 13:45:51.468894+05:30,113.7,,10165275
2025-09-04 13:45:51.689700+05:30,113.6,,10165275
2025-09-04 13:45:52.556593+05:30,113.75,,10165275
2025-09-04 13:45:52.658568+05:30,113.65,,10165275
2025-09-04 13:45:53.237084+05:30,113.8,,10165275
2025-09-04 13:45:53.408384+05:30,113.65,,10165275
2025-09-04 13:45:53.690212+05:30,113.6,,10165275
2025-09-04 13:45:53.999692+05:30,113.7,,10165275
2025-09-04 13:45:54.506041+05:30,113.55,,10165275
2025-09-04 13:45:54.713505+05:30,113.8,,10165275
2025-09-04 13:45:54.971880+05:30,113.75,,10165275
2025-09-04 13:45:55.448251+05:30,113.75,,10165275
2025-09-04 13:45:55.663245+05:30,113.9,,10165275
2025-09-04 13:45:56.487828+05:30,113.95,,10165275
2025-09-04 13:45:56.683003+05:30,114.0,,10165275
2025-09-04 13:45:57.513532+05:30,113.9,,10165275
2025-09-04 13:45:57.657251+05:30,113.8,,10165275
2025-09-04 13:45:58.476693+05:30,113.7,,10165275
2025-09-04 13:45:58.653644+05:30,113.8,,10165275
2025-09-04 13:45:58.923726+05:30,113.8,,10165275
2025-09-04 13:45:59.522819+05:30,113.6,,10165275
2025-09-04 13:45:59.689806+05:30,113.5,,10165275
2025-09-04 13:45:59.952601+05:30,113.25,,10165275
2025-09-04 13:46:00.505142+05:30,113.4,,10165275
2025-09-04 13:46:00.720745+05:30,113.25,,10165275
2025-09-04 13:46:01.519037+05:30,113.5,,10165275
2025-09-04 13:46:01.702175+05:30,113.6,,10165275
2025-09-04 13:46:02.454175+05:30,112.9,,10165275
2025-09-04 13:46:03.197396+05:30,112.8,,10165275
2025-09-04 13:46:03.464126+05:30,112.95,,10165275
2025-09-04 13:46:03.958169+05:30,112.85,,10165275
2025-09-04 13:46:04.479576+05:30,112.85,,10165275
2025-09-04 13:46:04.942795+05:30,112.8,,10165275
2025-09-04 13:46:05.453262+05:30,112.7,,10165275
2025-09-04 13:46:05.682175+05:30,112.55,,10165275
2025-09-04 13:46:06.516645+05:30,112.5,,10165275
2025-09-04 13:46:06.652977+05:30,112.7,,10165275
2025-09-04 13:46:07.268522+05:30,112.55,,10165275
2025-09-04 13:46:07.489491+05:30,112.25,,10165275
2025-09-04 13:46:07.659631+05:30,112.45,,10165275
2025-09-04 13:46:08.227239+05:30,112.75,,10165275
2025-09-04 13:46:08.424196+05:30,112.55,,10165275
2025-09-04 13:46:08.957024+05:30,112.65,,10165275
2025-09-04 13:46:09.666477+05:30,113.0,,10165275
2025-09-04 13:46:09.929201+05:30,113.15,,10165275
2025-09-04 13:46:10.506075+05:30,113.55,,10165275
2025-09-04 13:46:10.662672+05:30,113.4,,10165275
2025-09-04 13:46:11.445792+05:30,113.1,,10165275
2025-09-04 13:46:11.658973+05:30,113.15,,10165275
2025-09-04 13:46:12.484120+05:30,113.2,,10165275
2025-09-04 13:46:12.675225+05:30,112.95,,10165275
2025-09-04 13:46:13.435886+05:30,112.25,,10292025
2025-09-04 13:46:13.937525+05:30,112.5,,10292025
2025-09-04 13:46:14.465553+05:30,112.15,,10292025
2025-09-04 13:46:14.707611+05:30,112.4,,10292025
2025-09-04 13:46:14.951572+05:30,112.25,,10292025
2025-09-04 13:46:15.521734+05:30,112.5,,10292025
2025-09-04 13:46:15.670079+05:30,112.6,,10292025
2025-09-04 13:46:16.500709+05:30,112.6,,10292025
2025-09-04 13:46:16.730064+05:30,112.4,,10292025
2025-09-04 13:46:17.482047+05:30,111.7,,10292025
2025-09-04 13:46:17.674538+05:30,111.5,,10292025
2025-09-04 13:46:18.245607+05:30,111.7,,10292025
2025-09-04 13:46:18.476829+05:30,111.4,,10292025
2025-09-04 13:46:18.667579+05:30,111.35,,10292025
2025-09-04 13:46:18.940165+05:30,111.4,,10292025
2025-09-04 13:46:19.424579+05:30,111.8,,10292025
2025-09-04 13:46:19.718780+05:30,111.95,,10292025
2025-09-04 13:46:19.937235+05:30,112.0,,10292025
2025-09-04 13:46:20.473493+05:30,111.95,,10292025
2025-09-04 13:46:20.662728+05:30,111.75,,10292025
2025-09-04 13:46:21.490923+05:30,111.55,,10292025
2025-09-04 13:46:21.659872+05:30,111.7,,10292025
2025-09-04 13:46:22.223468+05:30,111.8,,10292025
2025-09-04 13:46:22.510875+05:30,111.95,,10292025
2025-09-04 13:46:22.673827+05:30,111.85,,10292025
2025-09-04 13:46:23.499299+05:30,111.7,,10292025
2025-09-04 13:46:23.955952+05:30,111.85,,10292025
2025-09-04 13:46:24.464264+05:30,111.8,,10292025
2025-09-04 13:46:24.932587+05:30,112.05,,10292025
2025-09-04 13:46:25.507051+05:30,111.8,,10292025
2025-09-04 13:46:25.668815+05:30,112.05,,10292025
2025-09-04 13:46:26.469809+05:30,112.0,,10292025
2025-09-04 13:46:26.711785+05:30,112.0,,10292025
2025-09-04 13:46:27.210258+05:30,112.35,,10292025
2025-09-04 13:46:27.454110+05:30,112.2,,10292025
2025-09-04 13:46:27.673090+05:30,112.3,,10292025
2025-09-04 13:46:28.158483+05:30,112.55,,10292025
2025-09-04 13:46:28.463159+05:30,112.8,,10292025
2025-09-04 13:46:28.678149+05:30,112.55,,10292025
2025-09-04 13:46:28.932389+05:30,112.55,,10292025
2025-09-04 13:46:29.466841+05:30,112.7,,10292025
2025-09-04 13:46:29.693181+05:30,112.7,,10292025
2025-09-04 13:46:30.223818+05:30,112.95,,10292025
2025-09-04 13:46:30.447713+05:30,112.8,,10292025
2025-09-04 13:46:30.726325+05:30,112.8,,10292025
2025-09-04 13:46:31.478305+05:30,112.55,,10292025
2025-09-04 13:46:31.696718+05:30,112.55,,10292025
2025-09-04 13:46:32.222784+05:30,112.8,,10292025
2025-09-04 13:46:32.541345+05:30,112.8,,10292025
2025-09-04 13:46:32.675193+05:30,113.2,,10292025
2025-09-04 13:46:33.501059+05:30,113.1,,10292025
2025-09-04 13:46:33.678191+05:30,113.0,,10292025
2025-09-04 13:46:34.512732+05:30,112.9,,10292025
2025-09-04 13:46:34.685963+05:30,112.55,,10292025
2025-09-04 13:46:35.544835+05:30,112.65,,10292025
2025-09-04 13:46:35.667097+05:30,112.75,,10292025
2025-09-04 13:46:36.501831+05:30,112.75,,10292025
2025-09-04 13:46:36.714521+05:30,112.65,,10292025
2025-09-04 13:46:36.950417+05:30,112.55,,10292025
2025-09-04 13:46:37.529387+05:30,112.05,,10292025
2025-09-04 13:46:37.685880+05:30,111.8,,10292025
2025-09-04 13:46:38.235759+05:30,112.05,,10292025
2025-09-04 13:46:38.432141+05:30,111.8,,10292025
2025-09-04 13:46:38.679562+05:30,111.75,,10292025
2025-09-04 13:46:39.564652+05:30,111.5,,10292025
2025-09-04 13:46:39.711436+05:30,111.75,,10292025
2025-09-04 13:46:40.461636+05:30,111.4,,10292025
2025-09-04 13:46:41.498881+05:30,111.55,,10292025
2025-09-04 13:46:41.670971+05:30,111.45,,10292025
2025-09-04 13:46:41.924200+05:30,111.55,,10292025
2025-09-04 13:46:42.522275+05:30,111.55,,10292025
2025-09-04 13:46:42.680131+05:30,111.8,,10292025
2025-09-04 13:46:43.190983+05:30,111.75,,10292025
2025-09-04 13:46:43.525782+05:30,112.15,,10292025
2025-09-04 13:46:43.656801+05:30,111.95,,10292025
2025-09-04 13:46:44.453299+05:30,112.2,,10292025
2025-09-04 13:46:44.905963+05:30,112.5,,10292025
2025-09-04 13:46:45.462815+05:30,112.75,,10292025
2025-09-04 13:46:45.689422+05:30,112.75,,10292025
2025-09-04 13:46:46.522338+05:30,112.35,,10292025
2025-09-04 13:46:46.688733+05:30,112.35,,10292025
2025-09-04 13:46:46.921826+05:30,112.3,,10292025
2025-09-04 13:46:47.428703+05:30,112.7,,10292025
2025-09-04 13:46:47.678604+05:30,112.4,,10292025
2025-09-04 13:46:48.284617+05:30,112.6,,10292025
2025-09-04 13:46:48.490398+05:30,112.3,,10292025
2025-09-04 13:46:48.717464+05:30,112.3,,10292025
2025-09-04 13:46:49.403976+05:30,112.45,,10292025
2025-09-04 13:46:49.726535+05:30,112.25,,10292025
2025-09-04 13:46:50.524583+05:30,112.3,,10292025
2025-09-04 13:46:50.673047+05:30,112.3,,10292025
2025-09-04 13:46:51.224164+05:30,112.25,,10292025
2025-09-04 13:46:51.474139+05:30,112.5,,10292025
2025-09-04 13:46:51.657818+05:30,112.25,,10292025
2025-09-04 13:46:52.442680+05:30,112.15,,10292025
2025-09-04 13:46:52.701779+05:30,112.4,,10292025
2025-09-04 13:46:53.445809+05:30,112.4,,10292025
2025-09-04 13:46:53.658176+05:30,112.1,,10292025
2025-09-04 13:46:54.469679+05:30,112.25,,10292025
2025-09-04 13:46:54.706429+05:30,112.25,,10292025
2025-09-04 13:46:55.200402+05:30,112.5,,10292025
2025-09-04 13:46:55.502002+05:30,112.25,,10292025
2025-09-04 13:46:55.653755+05:30,112.35,,10292025
2025-09-04 13:46:56.223713+05:30,112.75,,10292025
2025-09-04 13:46:56.408329+05:30,112.5,,10292025
2025-09-04 13:46:56.724856+05:30,112.5,,10292025
2025-09-04 13:46:57.454423+05:30,112.8,,10292025
2025-09-04 13:46:57.671533+05:30,112.5,,10292025
2025-09-04 13:46:58.468051+05:30,112.6,,10292025
2025-09-04 13:46:58.724040+05:30,112.4,,10292025
2025-09-04 13:46:59.477313+05:30,112.5,,10292025
2025-09-04 13:46:59.668780+05:30,112.5,,10292025
2025-09-04 13:47:00.179015+05:30,112.15,,10292025
2025-09-04 13:47:00.483640+05:30,112.5,,10292025
2025-09-04 13:47:00.696378+05:30,112.8,,10292025
2025-09-04 13:47:01.157237+05:30,112.85,,10292025
2025-09-04 13:47:01.480614+05:30,112.15,,10292025
2025-09-04 13:47:01.725479+05:30,112.2,,10292025
2025-09-04 13:47:02.453579+05:30,112.45,,10292025
2025-09-04 13:47:02.681109+05:30,112.25,,10292025
2025-09-04 13:47:03.255420+05:30,112.4,,10292025
2025-09-04 13:47:03.442541+05:30,112.05,,10292025
2025-09-04 13:47:03.700329+05:30,112.0,,10292025
2025-09-04 13:47:04.271425+05:30,111.75,,10292025
2025-09-04 13:47:04.678397+05:30,111.8,,10292025
2025-09-04 13:47:05.657814+05:30,111.3,,10292025
2025-09-04 13:47:06.516599+05:30,111.3,,10292025
2025-09-04 13:47:06.757927+05:30,111.3,,10292025
2025-09-04 13:47:07.680103+05:30,111.45,,10292025
2025-09-04 13:47:08.229884+05:30,111.55,,10292025
2025-09-04 13:47:08.683023+05:30,111.8,,10292025
2025-09-04 13:47:09.517593+05:30,111.8,,10292025
2025-09-04 13:47:09.652920+05:30,111.95,,10292025
2025-09-04 13:47:10.513350+05:30,111.95,,10292025
2025-09-04 13:47:10.672927+05:30,112.25,,10292025
2025-09-04 13:47:10.955339+05:30,112.25,,10292025
2025-09-04 13:47:11.576341+05:30,112.0,,10292025
2025-09-04 13:47:11.700030+05:30,112.0,,10292025
2025-09-04 13:47:12.493909+05:30,112.3,,10292025
2025-09-04 13:47:12.716625+05:30,112.35,,10292025
2025-09-04 13:47:13.484487+05:30,112.0,,10292025
2025-09-04 13:47:13.663378+05:30,112.0,,10292025
2025-09-04 13:47:14.464878+05:30,112.2,,10292025
2025-09-04 13:47:14.683810+05:30,112.15,,10292025
2025-09-04 13:47:14.973027+05:30,112.1,,10292025
2025-09-04 13:47:15.520476+05:30,111.75,,10292025
2025-09-04 13:47:15.667746+05:30,111.9,,10292025
2025-09-04 13:47:16.510964+05:30,111.1,,10292025
2025-09-04 13:47:16.694942+05:30,111.1,,10292025
2025-09-04 13:47:17.448658+05:30,111.5,,10292025
2025-09-04 13:47:17.688821+05:30,111.25,,10292025
2025-09-04 13:47:18.274303+05:30,111.25,,10292025
2025-09-04 13:47:18.487845+05:30,111.3,,10292025
2025-09-04 13:47:18.684247+05:30,111.35,,10292025
2025-09-04 13:47:19.462657+05:30,110.95,,10292025
2025-09-04 13:47:19.677844+05:30,110.85,,10292025
2025-09-04 13:47:19.924159+05:30,111.15,,10292025
2025-09-04 13:47:20.454409+05:30,110.95,,10292025
2025-09-04 13:47:20.684557+05:30,110.7,,10292025
2025-09-04 13:47:20.906506+05:30,110.9,,10292025
2025-09-04 13:47:21.472108+05:30,111.05,,10292025
2025-09-04 13:47:21.658551+05:30,111.05,,10292025
2025-09-04 13:47:22.411147+05:30,111.25,,10292025
2025-09-04 13:47:22.674430+05:30,111.4,,10292025
2025-09-04 13:47:23.244219+05:30,111.15,,10292025
2025-09-04 13:47:23.659059+05:30,111.05,,10292025
2025-09-04 13:47:24.221352+05:30,111.05,,10292025
2025-09-04 13:47:24.485280+05:30,111.05,,10292025
2025-09-04 13:47:24.707535+05:30,111.1,,10292025
2025-09-04 13:47:25.453290+05:30,110.75,,10292025
2025-09-04 13:47:25.654484+05:30,110.5,,10292025
2025-09-04 13:47:25.906437+05:30,110.8,,10292025
2025-09-04 13:47:26.406416+05:30,111.6,,10292025
2025-09-04 13:47:26.682112+05:30,111.4,,10292025
2025-09-04 13:47:27.407479+05:30,111.15,,10292025
2025-09-04 13:47:27.695543+05:30,111.0,,10292025
2025-09-04 13:47:28.512143+05:30,111.15,,10292025
2025-09-04 13:47:28.654251+05:30,111.15,,10292025
2025-09-04 13:47:29.481624+05:30,111.2,,10292025
2025-09-04 13:47:29.699870+05:30,110.75,,10292025
2025-09-04 13:47:30.505636+05:30,111.3,,10292025
2025-09-04 13:47:30.666764+05:30,111.2,,10292025
2025-09-04 13:47:30.906945+05:30,111.45,,10292025
2025-09-04 13:47:31.696301+05:30,111.3,,10292025
2025-09-04 13:47:32.682862+05:30,111.15,,10292025
2025-09-04 13:47:33.185883+05:30,111.2,,10292025
2025-09-04 13:47:33.499645+05:30,110.75,,10292025
2025-09-04 13:47:33.672673+05:30,109.9,,10292025
2025-09-04 13:47:34.500291+05:30,108.65,,10292025
2025-09-04 13:47:34.684524+05:30,108.8,,10292025
2025-09-04 13:47:35.455425+05:30,108.8,,10292025
2025-09-04 13:47:35.706261+05:30,108.9,,10292025
2025-09-04 13:47:35.918655+05:30,108.9,,10292025
2025-09-04 13:47:36.698869+05:30,109.15,,10292025
2025-09-04 13:47:37.449433+05:30,109.15,,10292025
2025-09-04 13:47:37.683804+05:30,108.85,,10292025
2025-09-04 13:47:38.215602+05:30,108.95,,10292025
2025-09-04 13:47:38.508187+05:30,109.05,,10292025
2025-09-04 13:47:38.677560+05:30,109.0,,10292025
2025-09-04 13:47:39.185091+05:30,109.1,,10292025
2025-09-04 13:47:39.465896+05:30,109.05,,10292025
2025-09-04 13:47:39.675334+05:30,109.1,,10292025
2025-09-04 13:47:39.906284+05:30,109.3,,10292025
2025-09-04 13:47:40.490005+05:30,109.35,,10292025
2025-09-04 13:47:40.704380+05:30,109.3,,10292025
2025-09-04 13:47:40.906194+05:30,109.5,,10292025
2025-09-04 13:47:41.454311+05:30,109.35,,10292025
2025-09-04 13:47:41.656232+05:30,109.0,,10292025
2025-09-04 13:47:42.696172+05:30,108.95,,10292025
2025-09-04 13:47:43.212525+05:30,109.25,,10292025
2025-09-04 13:47:43.485965+05:30,109.15,,10292025
2025-09-04 13:47:43.672471+05:30,108.85,,10292025
2025-09-04 13:47:44.207846+05:30,108.75,,10292025
2025-09-04 13:47:44.683945+05:30,108.25,,10292025
2025-09-04 13:47:44.966642+05:30,108.25,,10292025
2025-09-04 13:47:45.473845+05:30,108.65,,10292025
2025-09-04 13:47:45.670845+05:30,108.4,,10292025
2025-09-04 13:47:45.933395+05:30,108.75,,10292025
2025-09-04 13:47:46.482327+05:30,108.2,,10292025
2025-09-04 13:47:46.695651+05:30,108.35,,10292025
2025-09-04 13:47:47.416007+05:30,108.65,,10292025
2025-09-04 13:47:47.710534+05:30,108.7,,10292025
2025-09-04 13:47:48.239717+05:30,109.0,,10292025
2025-09-04 13:47:48.457710+05:30,108.9,,10292025
2025-09-04 13:47:48.657915+05:30,108.9,,10292025
2025-09-04 13:47:49.212266+05:30,109.0,,10292025
2025-09-04 13:47:49.479195+05:30,109.1,,10292025
2025-09-04 13:47:49.702806+05:30,109.3,,10292025
2025-09-04 13:47:50.428821+05:30,109.25,,10292025
2025-09-04 13:47:50.728119+05:30,109.65,,10292025
2025-09-04 13:47:51.489967+05:30,109.5,,10292025
2025-09-04 13:47:51.703750+05:30,109.45,,10292025
2025-09-04 13:47:52.466181+05:30,109.5,,10292025
2025-09-04 13:47:52.678157+05:30,109.65,,10292025
2025-09-04 13:47:53.230649+05:30,109.5,,10292025
2025-09-04 13:47:53.426890+05:30,109.5,,10292025
2025-09-04 13:47:53.668134+05:30,109.3,,10292025
2025-09-04 13:47:54.173990+05:30,109.55,,10292025
2025-09-04 13:47:54.537790+05:30,109.6,,10292025
2025-09-04 13:47:54.725110+05:30,109.85,,10292025
2025-09-04 13:47:55.467133+05:30,109.85,,10292025
2025-09-04 13:47:55.693136+05:30,110.2,,10292025
2025-09-04 13:47:56.198655+05:30,109.9,,10292025
2025-09-04 13:47:56.514377+05:30,109.75,,10292025
2025-09-04 13:47:56.671210+05:30,110.0,,10292025
2025-09-04 13:47:57.480334+05:30,109.4,,10292025
2025-09-04 13:47:57.664742+05:30,109.75,,10292025
2025-09-04 13:47:58.227559+05:30,109.85,,10292025
2025-09-04 13:47:58.409176+05:30,109.8,,10292025
2025-09-04 13:47:58.691562+05:30,110.0,,10292025
2025-09-04 13:47:59.252598+05:30,110.0,,10292025
2025-09-04 13:47:59.476902+05:30,109.75,,10292025
2025-09-04 13:47:59.724000+05:30,109.95,,10292025
2025-09-04 13:48:00.445070+05:30,110.15,,10292025
2025-09-04 13:48:00.681493+05:30,109.85,,10292025
2025-09-04 13:48:01.441497+05:30,110.15,,10292025
2025-09-04 13:48:01.696683+05:30,109.7,,10292025
2025-09-04 13:48:02.247819+05:30,110.05,,10292025
2025-09-04 13:48:02.706872+05:30,110.45,,10292025
2025-09-04 13:48:03.156234+05:30,110.0,,10292025
2025-09-04 13:48:03.433687+05:30,109.65,,10292025
2025-09-04 13:48:03.699353+05:30,109.7,,10292025
2025-09-04 13:48:04.248255+05:30,109.85,,10292025
2025-09-04 13:48:04.478006+05:30,109.85,,10292025
2025-09-04 13:48:04.696940+05:30,109.85,,10292025
2025-09-04 13:48:05.424144+05:30,109.75,,10292025
2025-09-04 13:48:05.672598+05:30,109.4,,10292025
2025-09-04 13:48:06.285483+05:30,109.9,,10292025
2025-09-04 13:48:06.459908+05:30,109.65,,10292025
2025-09-04 13:48:06.652050+05:30,109.8,,10292025
2025-09-04 13:48:07.201248+05:30,109.7,,10292025
2025-09-04 13:48:07.506888+05:30,109.55,,10292025
2025-09-04 13:48:07.673427+05:30,109.85,,10292025
2025-09-04 13:48:08.232763+05:30,109.8,,10292025
2025-09-04 13:48:08.443796+05:30,109.5,,10292025
2025-09-04 13:48:08.678285+05:30,109.45,,10292025
2025-09-04 13:48:09.278103+05:30,109.55,,10292025
2025-09-04 13:48:09.434281+05:30,109.8,,10292025
2025-09-04 13:48:09.734786+05:30,109.75,,10292025
2025-09-04 13:48:10.437957+05:30,109.45,,10292025
2025-09-04 13:48:10.781081+05:30,109.55,,10292025
2025-09-04 13:48:11.558290+05:30,109.25,,10292025
2025-09-04 13:48:11.681264+05:30,109.45,,10292025
2025-09-04 13:48:12.157824+05:30,109.1,,10292025
2025-09-04 13:48:12.695583+05:30,109.5,,10292025
2025-09-04 13:48:13.260804+05:30,108.95,,10292025
2025-09-04 13:48:13.474121+05:30,108.65,,10292025
2025-09-04 13:48:13.684505+05:30,108.8,,10292025
2025-09-04 13:48:14.162829+05:30,108.65,,10292025
2025-09-04 13:48:14.523269+05:30,108.3,,10292025
2025-09-04 13:48:14.716733+05:30,108.7,,10292025
2025-09-04 13:48:15.491860+05:30,108.65,,10292025
2025-09-04 13:48:15.777172+05:30,108.45,,10292025
2025-09-04 13:48:16.209843+05:30,107.85,,10292025
2025-09-04 13:48:16.679325+05:30,107.85,,10292025
2025-09-04 13:48:17.409185+05:30,108.5,,10292025
2025-09-04 13:48:17.715057+05:30,107.95,,10292025
2025-09-04 13:48:18.208025+05:30,107.6,,10292025
2025-09-04 13:48:18.472798+05:30,107.85,,10292025
2025-09-04 13:48:18.701220+05:30,108.05,,10292025
2025-09-04 13:48:19.174117+05:30,107.95,,10292025
2025-09-04 13:48:19.429777+05:30,107.05,,10292025
2025-09-04 13:48:19.729727+05:30,107.25,,10292025
2025-09-04 13:48:20.479248+05:30,107.25,,10292025
2025-09-04 13:48:20.706575+05:30,107.2,,10292025
2025-09-04 13:48:21.446309+05:30,106.7,,10292025
2025-09-04 13:48:21.689591+05:30,106.75,,10292025
2025-09-04 13:48:22.234133+05:30,106.85,,10292025
2025-09-04 13:48:22.454159+05:30,107.05,,10292025
2025-09-04 13:48:22.705518+05:30,106.9,,10292025
2025-09-04 13:48:22.980427+05:30,107.2,,10292025
2025-09-04 13:48:23.484918+05:30,106.9,,10292025
2025-09-04 13:48:23.658464+05:30,106.8,,10292025
2025-09-04 13:48:23.922538+05:30,106.75,,10292025
2025-09-04 13:48:24.461140+05:30,106.7,,10292025
2025-09-04 13:48:24.734145+05:30,106.85,,10292025
2025-09-04 13:48:25.470876+05:30,106.85,,10292025
2025-09-04 13:48:25.738046+05:30,107.3,,10292025
2025-09-04 13:48:26.213405+05:30,107.4,,10292025
2025-09-04 13:48:26.420303+05:30,107.25,,10292025
2025-09-04 13:48:26.701371+05:30,107.4,,10292025
2025-09-04 13:48:27.284462+05:30,107.3,,10292025
2025-09-04 13:48:27.461985+05:30,107.5,,10292025
2025-09-04 13:48:27.685346+05:30,107.65,,10292025
2025-09-04 13:48:27.970521+05:30,107.3,,10292025
2025-09-04 13:48:28.489409+05:30,107.75,,10292025
2025-09-04 13:48:28.671256+05:30,107.8,,10292025
2025-09-04 13:48:29.453992+05:30,107.75,,10292025
2025-09-04 13:48:29.722102+05:30,107.65,,10292025
2025-09-04 13:48:30.497684+05:30,107.75,,10292025
2025-09-04 13:48:30.695313+05:30,107.35,,10292025
2025-09-04 13:48:31.210836+05:30,107.55,,10292025
2025-09-04 13:48:31.491574+05:30,107.4,,10292025
2025-09-04 13:48:31.672112+05:30,107.6,,10292025
2025-09-04 13:48:32.205818+05:30,107.6,,10292025
2025-09-04 13:48:32.458955+05:30,107.7,,10292025
2025-09-04 13:48:32.711946+05:30,107.7,,10292025
2025-09-04 13:48:33.507099+05:30,107.7,,10292025
2025-09-04 13:48:33.677335+05:30,107.85,,10292025
2025-09-04 13:48:34.485731+05:30,107.0,,10292025
2025-09-04 13:48:34.709069+05:30,107.45,,10292025
2025-09-04 13:48:35.258891+05:30,107.3,,10292025
2025-09-04 13:48:35.493697+05:30,107.45,,10292025
2025-09-04 13:48:35.702352+05:30,107.35,,10292025
2025-09-04 13:48:35.932897+05:30,107.45,,10292025
2025-09-04 13:48:36.508576+05:30,107.4,,10292025
2025-09-04 13:48:36.704212+05:30,107.1,,10292025
2025-09-04 13:48:36.914650+05:30,107.25,,10292025
2025-09-04 13:48:37.721634+05:30,107.3,,10292025
2025-09-04 13:48:38.673323+05:30,106.65,,10292025
2025-09-04 13:48:39.224604+05:30,106.3,,10292025
2025-09-04 13:48:39.442092+05:30,106.35,,10292025
2025-09-04 13:48:39.688742+05:30,106.7,,10292025
2025-09-04 13:48:40.192934+05:30,106.85,,10292025
2025-09-04 13:48:40.797640+05:30,106.8,,10292025
2025-09-04 13:48:40.927501+05:30,106.75,,10292025
2025-09-04 13:48:41.505557+05:30,106.65,,10292025
2025-09-04 13:48:41.717529+05:30,106.5,,10292025
2025-09-04 13:48:41.901880+05:30,106.9,,10292025
2025-09-04 13:48:42.473341+05:30,106.5,,10292025
2025-09-04 13:48:42.669034+05:30,106.7,,10292025
2025-09-04 13:48:43.509512+05:30,106.65,,10292025
2025-09-04 13:48:43.679707+05:30,106.6,,10292025
2025-09-04 13:48:44.202407+05:30,106.6,,10292025
2025-09-04 13:48:44.400742+05:30,106.9,,10292025
2025-09-04 13:48:44.727006+05:30,106.75,,10292025
2025-09-04 13:48:45.177585+05:30,107.0,,10292025
2025-09-04 13:48:45.715910+05:30,107.15,,10292025
2025-09-04 13:48:45.906559+05:30,106.85,,10292025
2025-09-04 13:48:46.446477+05:30,106.2,,10292025
2025-09-04 13:48:46.703374+05:30,105.6,,10292025
2025-09-04 13:48:47.490539+05:30,106.0,,10292025
2025-09-04 13:48:47.688606+05:30,106.0,,10292025
2025-09-04 13:48:48.452660+05:30,106.05,,10292025
2025-09-04 13:48:48.698646+05:30,106.0,,10292025
2025-09-04 13:48:49.229567+05:30,105.8,,10292025
2025-09-04 13:48:49.517224+05:30,105.9,,10292025
2025-09-04 13:48:49.724419+05:30,106.1,,10292025
2025-09-04 13:48:50.266900+05:30,105.1,,10292025
2025-09-04 13:48:50.443044+05:30,105.05,,10292025
2025-09-04 13:48:50.787171+05:30,105.35,,10292025
2025-09-04 13:48:51.417135+05:30,105.1,,10292025
2025-09-04 13:48:51.658360+05:30,105.3,,10292025
2025-09-04 13:48:51.900654+05:30,105.3,,10292025
2025-09-04 13:48:52.478243+05:30,105.0,,10292025
2025-09-04 13:48:52.726340+05:30,105.4,,10292025
2025-09-04 13:48:53.717136+05:30,104.95,,10292025
2025-09-04 13:48:53.907819+05:30,105.0,,10292025
2025-09-04 13:48:54.663861+05:30,104.4,,10292025
2025-09-04 13:48:55.239517+05:30,104.3,,10292025
2025-09-04 13:48:55.478899+05:30,104.7,,10292025
2025-09-04 13:48:55.659768+05:30,105.0,,10292025
2025-09-04 13:48:56.505154+05:30,104.8,,10292025
2025-09-04 13:48:56.711094+05:30,105.05,,10292025
2025-09-04 13:48:57.432806+05:30,105.0,,10292025
2025-09-04 13:48:57.710696+05:30,105.2,,10292025
2025-09-04 13:48:58.418578+05:30,105.0,,10292025
2025-09-04 13:48:58.715251+05:30,105.15,,10292025
2025-09-04 13:48:58.916895+05:30,105.05,,10292025
2025-09-04 13:48:59.450335+05:30,105.15,,10292025
2025-09-04 13:48:59.684116+05:30,104.8,,10292025
2025-09-04 13:49:00.199209+05:30,104.65,,10292025
2025-09-04 13:49:00.487134+05:30,104.8,,10292025
2025-09-04 13:49:00.772689+05:30,104.75,,10292025
2025-09-04 13:49:01.541657+05:30,104.8,,10292025
2025-09-04 13:49:01.650533+05:30,104.85,,10292025
2025-09-04 13:49:02.513710+05:30,104.8,,10292025
2025-09-04 13:49:02.673639+05:30,104.85,,10292025
2025-09-04 13:49:03.234073+05:30,105.0,,10292025
2025-09-04 13:49:03.458562+05:30,105.1,,10292025
2025-09-04 13:49:03.664219+05:30,105.05,,10292025
2025-09-04 13:49:04.515585+05:30,104.65,,10292025
2025-09-04 13:49:04.655621+05:30,104.65,,10292025
2025-09-04 13:49:04.905576+05:30,104.65,,10292025
2025-09-04 13:49:05.463295+05:30,104.65,,10292025
2025-09-04 13:49:05.678241+05:30,104.65,,10292025
2025-09-04 13:49:06.465395+05:30,104.7,,10292025
2025-09-04 13:49:06.685487+05:30,104.8,,10292025
2025-09-04 13:49:07.229637+05:30,105.0,,10292025
2025-09-04 13:49:07.496297+05:30,104.7,,10292025
2025-09-04 13:49:07.695941+05:30,105.55,,10292025
2025-09-04 13:49:08.271816+05:30,105.2,,10292025
2025-09-04 13:49:08.423177+05:30,105.05,,10292025
2025-09-04 13:49:08.700362+05:30,105.4,,10292025
2025-09-04 13:49:09.406810+05:30,105.65,,10292025
2025-09-04 13:49:09.688795+05:30,105.25,,10292025
2025-09-04 13:49:10.439514+05:30,104.9,,10292025
2025-09-04 13:49:10.673173+05:30,104.75,,10292025
2025-09-04 13:49:11.544081+05:30,104.65,,10292025
2025-09-04 13:49:11.656841+05:30,104.7,,10292025
2025-09-04 13:49:12.202703+05:30,104.55,,10292025
2025-09-04 13:49:12.716812+05:30,104.7,,10292025
2025-09-04 13:49:12.959521+05:30,104.7,,10292025
2025-09-04 13:49:13.700694+05:30,105.0,,10475550
2025-09-04 13:49:14.402237+05:30,105.0,,10475550
2025-09-04 13:49:14.726321+05:30,105.0,,10475550
2025-09-04 13:49:15.233988+05:30,104.4,,10475550
2025-09-04 13:49:15.699240+05:30,105.0,,10475550
2025-09-04 13:49:16.494007+05:30,106.4,,10475550
2025-09-04 13:49:16.671841+05:30,106.6,,10475550
2025-09-04 13:49:16.922057+05:30,106.6,,10475550
2025-09-04 13:49:17.466741+05:30,106.45,,10475550
2025-09-04 13:49:17.673762+05:30,106.4,,10475550
2025-09-04 13:49:17.918799+05:30,106.2,,10475550
2025-09-04 13:49:18.454688+05:30,106.2,,10475550
2025-09-04 13:49:18.678487+05:30,106.5,,10475550
2025-09-04 13:49:19.553672+05:30,106.35,,10475550
2025-09-04 13:49:19.704587+05:30,106.4,,10475550
2025-09-04 13:49:20.179942+05:30,106.75,,10475550
2025-09-04 13:49:20.500226+05:30,106.7,,10475550
2025-09-04 13:49:20.671603+05:30,106.2,,10475550
2025-09-04 13:49:21.233953+05:30,106.2,,10475550
2025-09-04 13:49:21.688057+05:30,106.6,,10475550
2025-09-04 13:49:22.478216+05:30,106.75,,10475550
2025-09-04 13:49:22.687086+05:30,106.8,,10475550
2025-09-04 13:49:23.672817+05:30,107.2,,10475550
2025-09-04 13:49:24.440676+05:30,106.65,,10475550
2025-09-04 13:49:24.749290+05:30,106.7,,10475550
2025-09-04 13:49:25.208018+05:30,106.45,,10475550
2025-09-04 13:49:25.427228+05:30,106.15,,10475550
2025-09-04 13:49:25.651909+05:30,106.15,,10475550
2025-09-04 13:49:26.430971+05:30,106.1,,10475550
2025-09-04 13:49:26.684576+05:30,106.2,,10475550
2025-09-04 13:49:27.520036+05:30,105.8,,10475550
2025-09-04 13:49:27.663069+05:30,105.95,,10475550
2025-09-04 13:49:28.480082+05:30,106.2,,10475550
2025-09-04 13:49:28.736529+05:30,106.2,,10475550
2025-09-04 13:49:29.209214+05:30,105.6,,10475550
2025-09-04 13:49:29.406491+05:30,105.8,,10475550
2025-09-04 13:49:29.656773+05:30,105.75,,10475550
2025-09-04 13:49:30.192517+05:30,105.85,,10475550
2025-09-04 13:49:30.466330+05:30,105.75,,10475550
2025-09-04 13:49:30.697717+05:30,105.85,,10475550
2025-09-04 13:49:31.474216+05:30,105.9,,10475550
2025-09-04 13:49:31.671509+05:30,106.0,,10475550
2025-09-04 13:49:32.457372+05:30,105.75,,10475550
2025-09-04 13:49:32.697912+05:30,105.55,,10475550
2025-09-04 13:49:33.531966+05:30,105.45,,10475550
2025-09-04 13:49:33.678181+05:30,105.45,,10475550
2025-09-04 13:49:34.261806+05:30,105.5,,10475550
2025-09-04 13:49:34.664116+05:30,105.4,,10475550
2025-09-04 13:49:34.905135+05:30,105.4,,10475550
2025-09-04 13:49:35.671532+05:30,105.1,,10475550
2025-09-04 13:49:36.502413+05:30,105.1,,10475550
2025-09-04 13:49:36.671039+05:30,105.0,,10475550
2025-09-04 13:49:37.673468+05:30,104.95,,10475550
2025-09-04 13:49:38.198205+05:30,104.75,,10475550
2025-09-04 13:49:38.764736+05:30,105.0,,10475550
2025-09-04 13:49:39.201986+05:30,105.0,,10475550
2025-09-04 13:49:39.687781+05:30,105.05,,10475550
2025-09-04 13:49:39.910157+05:30,105.2,,10475550
2025-09-04 13:49:40.683741+05:30,105.3,,10475550
2025-09-04 13:49:41.504711+05:30,105.35,,10475550
2025-09-04 13:49:41.682589+05:30,105.35,,10475550
2025-09-04 13:49:42.445965+05:30,105.35,,10475550
2025-09-04 13:49:42.764392+05:30,106.2,,10475550
2025-09-04 13:49:42.910706+05:30,106.5,,10475550
2025-09-04 13:49:43.694378+05:30,106.2,,10475550
2025-09-04 13:49:43.921223+05:30,106.2,,10475550
2025-09-04 13:49:44.680133+05:30,106.05,,10475550
2025-09-04 13:49:45.451885+05:30,106.0,,10475550
2025-09-04 13:49:45.736097+05:30,106.3,,10475550
2025-09-04 13:49:46.218136+05:30,106.45,,10475550
2025-09-04 13:49:46.663433+05:30,106.35,,10475550
2025-09-04 13:49:47.272918+05:30,106.4,,10475550
2025-09-04 13:49:47.690845+05:30,106.05,,10475550
2025-09-04 13:49:47.938915+05:30,106.05,,10475550
2025-09-04 13:49:48.655283+05:30,106.45,,10475550
2025-09-04 13:49:48.933425+05:30,106.45,,10475550
2025-09-04 13:49:49.691132+05:30,106.35,,10475550
2025-09-04 13:49:50.406591+05:30,106.55,,10475550
2025-09-04 13:49:50.737182+05:30,106.45,,10475550
2025-09-04 13:49:51.191568+05:30,106.55,,10475550
2025-09-04 13:49:51.672228+05:30,106.55,,10475550
2025-09-04 13:49:52.246013+05:30,106.65,,10475550
2025-09-04 13:49:52.656875+05:30,106.45,,10475550
2025-09-04 13:49:53.722927+05:30,106.55,,10475550
2025-09-04 13:49:54.696157+05:30,106.4,,10475550
2025-09-04 13:49:55.512902+05:30,106.4,,10475550
2025-09-04 13:49:55.716697+05:30,106.3,,10475550
2025-09-04 13:49:56.521619+05:30,106.25,,10475550
2025-09-04 13:49:56.681372+05:30,106.05,,10475550
2025-09-04 13:49:56.964965+05:30,106.25,,10475550
2025-09-04 13:49:57.727584+05:30,106.35,,10475550
2025-09-04 13:49:58.676701+05:30,107.3,,10475550
2025-09-04 13:49:59.450643+05:30,106.9,,10475550
2025-09-04 13:49:59.704600+05:30,106.8,,10475550
2025-09-04 13:50:00.248784+05:30,106.7,,10475550
2025-09-04 13:50:00.651188+05:30,106.55,,10475550
2025-09-04 13:50:01.252945+05:30,106.6,,10475550
2025-09-04 13:50:01.670568+05:30,106.95,,10475550
2025-09-04 13:50:02.186731+05:30,106.75,,10475550
2025-09-04 13:50:02.711765+05:30,106.9,,10475550
2025-09-04 13:50:02.928004+05:30,106.9,,10475550
2025-09-04 13:50:03.698352+05:30,106.6,,10475550
2025-09-04 13:50:04.512202+05:30,106.65,,10475550
2025-09-04 13:50:04.720406+05:30,106.35,,10475550
2025-09-04 13:50:05.186139+05:30,106.3,,10475550
2025-09-04 13:50:05.722885+05:30,106.65,,10475550
2025-09-04 13:50:06.488710+05:30,106.65,,10475550
2025-09-04 13:50:06.672921+05:30,106.8,,10475550
2025-09-04 13:50:07.163985+05:30,106.7,,10475550
2025-09-04 13:50:07.679905+05:30,107.15,,10475550
2025-09-04 13:50:07.927647+05:30,107.25,,10475550
2025-09-04 13:50:08.676374+05:30,106.75,,10475550
2025-09-04 13:50:09.487788+05:30,106.95,,10475550
2025-09-04 13:50:09.677843+05:30,107.0,,10475550
2025-09-04 13:50:10.443443+05:30,107.05,,10475550
2025-09-04 13:50:10.701415+05:30,107.15,,10475550
2025-09-04 13:50:11.410220+05:30,107.2,,10475550
2025-09-04 13:50:11.721864+05:30,106.7,,10475550
2025-09-04 13:50:12.156823+05:30,106.95,,10475550
2025-09-04 13:50:12.704528+05:30,107.25,,10475550
2025-09-04 13:50:13.707630+05:30,107.6,,10475550
2025-09-04 13:50:14.459137+05:30,107.4,,10475550
2025-09-04 13:50:14.707800+05:30,107.5,,10475550
2025-09-04 13:50:15.455942+05:30,107.8,,10475550
2025-09-04 13:50:15.672126+05:30,107.75,,10475550
2025-09-04 13:50:16.197791+05:30,108.0,,10475550
2025-09-04 13:50:16.743058+05:30,108.0,,10475550
2025-09-04 13:50:17.206881+05:30,106.55,,10475550
2025-09-04 13:50:17.719568+05:30,106.4,,10475550
2025-09-04 13:50:17.939041+05:30,106.45,,10475550
2025-09-04 13:50:18.677377+05:30,106.65,,10475550
2025-09-04 13:50:19.401512+05:30,105.6,,10475550
2025-09-04 13:50:19.703864+05:30,105.9,,10475550
2025-09-04 13:50:20.498767+05:30,105.3,,10475550
2025-09-04 13:50:20.676115+05:30,105.75,,10475550
2025-09-04 13:50:21.443709+05:30,105.4,,10475550
2025-09-04 13:50:21.684058+05:30,105.45,,10475550
2025-09-04 13:50:21.975608+05:30,105.4,,10475550
2025-09-04 13:50:22.713804+05:30,105.5,,10475550
2025-09-04 13:50:22.949099+05:30,105.35,,10475550
2025-09-04 13:50:23.730073+05:30,105.25,,10475550
2025-09-04 13:50:24.458576+05:30,105.0,,10475550
2025-09-04 13:50:24.756307+05:30,104.95,,10475550
2025-09-04 13:50:25.512575+05:30,104.15,,10475550
2025-09-04 13:50:25.708081+05:30,104.0,,10475550
2025-09-04 13:50:26.243059+05:30,103.6,,10475550
2025-09-04 13:50:26.752079+05:30,103.65,,10475550
2025-09-04 13:50:26.916205+05:30,103.4,,10475550
2025-09-04 13:50:27.719489+05:30,103.4,,10475550
2025-09-04 13:50:27.911434+05:30,103.4,,10475550
2025-09-04 13:50:28.485677+05:30,103.55,,10475550
2025-09-04 13:50:28.670942+05:30,104.2,,10475550
2025-09-04 13:50:29.483474+05:30,104.3,,10475550
2025-09-04 13:50:29.694658+05:30,104.2,,10475550
2025-09-04 13:50:30.215411+05:30,104.25,,10475550
2025-09-04 13:50:30.670915+05:30,104.05,,10475550
2025-09-04 13:50:30.964370+05:30,104.1,,10475550
2025-09-04 13:50:31.205115+05:30,104.35,,10475550
2025-09-04 13:50:31.709256+05:30,104.4,,10475550
2025-09-04 13:50:31.971496+05:30,104.3,,10475550
2025-09-04 13:50:32.734418+05:30,104.95,,10475550
2025-09-04 13:50:33.694909+05:30,104.95,,10475550
2025-09-04 13:50:33.938522+05:30,104.9,,10475550
2025-09-04 13:50:34.548556+05:30,104.85,,10475550
2025-09-04 13:50:34.717332+05:30,104.9,,10475550
2025-09-04 13:50:35.181234+05:30,104.7,,10475550
2025-09-04 13:50:35.684229+05:30,105.0,,10475550
2025-09-04 13:50:35.938225+05:30,104.8,,10475550
2025-09-04 13:50:36.169176+05:30,104.65,,10475550
2025-09-04 13:50:36.669611+05:30,104.55,,10475550
2025-09-04 13:50:36.931715+05:30,104.7,,10475550
2025-09-04 13:50:37.718975+05:30,104.55,,10475550
2025-09-04 13:50:38.463096+05:30,104.5,,10475550
2025-09-04 13:50:38.678288+05:30,104.6,,10475550
2025-09-04 13:50:39.449260+05:30,105.4,,10475550
2025-09-04 13:50:39.732226+05:30,105.7,,10475550
2025-09-04 13:50:40.212597+05:30,105.65,,10475550
2025-09-04 13:50:40.662478+05:30,105.95,,10475550
2025-09-04 13:50:40.960089+05:30,105.65,,10475550
2025-09-04 13:50:41.162986+05:30,106.1,,10475550
2025-09-04 13:50:41.749144+05:30,105.8,,10475550
2025-09-04 13:50:41.921965+05:30,106.1,,10475550
2025-09-04 13:50:42.666719+05:30,106.4,,10475550
2025-09-04 13:50:43.461819+05:30,106.8,,10475550
2025-09-04 13:50:43.717093+05:30,106.55,,10475550
2025-09-04 13:50:44.464325+05:30,106.55,,10475550
2025-09-04 13:50:44.690127+05:30,106.3,,10475550
2025-09-04 13:50:45.175899+05:30,106.5,,10475550
2025-09-04 13:50:45.698637+05:30,106.9,,10475550
2025-09-04 13:50:45.932657+05:30,107.0,,10475550
2025-09-04 13:50:46.207046+05:30,106.5,,10475550
2025-09-04 13:50:46.656564+05:30,106.4,,10475550
2025-09-04 13:50:46.906194+05:30,106.5,,10475550
2025-09-04 13:50:47.710010+05:30,106.75,,10475550
2025-09-04 13:50:48.448520+05:30,107.2,,10475550
2025-09-04 13:50:48.701263+05:30,107.15,,10475550
2025-09-04 13:50:49.714540+05:30,107.15,,10475550
2025-09-04 13:50:50.414741+05:30,107.2,,10475550
2025-09-04 13:50:50.755947+05:30,107.1,,10475550
2025-09-04 13:50:51.240592+05:30,107.05,,10475550
2025-09-04 13:50:51.698294+05:30,106.9,,10475550
2025-09-04 13:50:51.913013+05:30,107.1,,10475550
2025-09-04 13:50:52.654501+05:30,106.95,,10475550
2025-09-04 13:50:53.491194+05:30,107.25,,10475550
2025-09-04 13:50:53.704131+05:30,107.25,,10475550
2025-09-04 13:50:54.449495+05:30,107.65,,10475550
2025-09-04 13:50:54.748262+05:30,107.7,,10475550
2025-09-04 13:50:55.175994+05:30,107.3,,10475550
2025-09-04 13:50:55.717691+05:30,107.1,,10475550
2025-09-04 13:50:56.218328+05:30,107.05,,10475550
2025-09-04 13:50:56.699849+05:30,107.35,,10475550
2025-09-04 13:50:56.904416+05:30,107.45,,10475550
2025-09-04 13:50:57.660719+05:30,107.7,,10475550
2025-09-04 13:50:57.944950+05:30,107.65,,10475550
2025-09-04 13:50:58.668968+05:30,107.3,,10475550
2025-09-04 13:50:59.517463+05:30,107.4,,10475550
2025-09-04 13:50:59.670908+05:30,107.5,,10475550
2025-09-04 13:50:59.904249+05:30,107.3,,10475550
2025-09-04 13:51:00.490784+05:30,107.7,,10475550
2025-09-04 13:51:00.723577+05:30,108.5,,10475550
2025-09-04 13:51:01.161663+05:30,108.2,,10475550
2025-09-04 13:51:01.671474+05:30,108.1,,10475550
2025-09-04 13:51:01.926575+05:30,108.25,,10475550
2025-09-04 13:51:02.721381+05:30,107.8,,10475550
2025-09-04 13:51:02.946922+05:30,107.9,,10475550
2025-09-04 13:51:03.938952+05:30,107.95,,10475550
2025-09-04 13:51:04.481366+05:30,108.1,,10475550
2025-09-04 13:51:04.654628+05:30,108.35,,10475550
2025-09-04 13:51:05.462341+05:30,108.35,,10475550
2025-09-04 13:51:05.652096+05:30,108.1,,10475550
2025-09-04 13:51:06.234861+05:30,108.45,,10475550
2025-09-04 13:51:06.659923+05:30,108.75,,10475550
2025-09-04 13:51:07.702801+05:30,108.65,,10475550
2025-09-04 13:51:07.920090+05:30,108.8,,10475550
2025-09-04 13:51:08.659462+05:30,109.0,,10475550
2025-09-04 13:51:09.676688+05:30,109.1,,10475550
2025-09-04 13:51:10.176381+05:30,108.8,,10475550
2025-09-04 13:51:10.693730+05:30,108.85,,10475550
2025-09-04 13:51:11.492594+05:30,108.9,,10475550
2025-09-04 13:51:11.677139+05:30,109.15,,10475550
2025-09-04 13:51:12.716044+05:30,108.95,,10475550
2025-09-04 13:51:13.650935+05:30,108.4,,10475550
2025-09-04 13:51:13.975540+05:30,108.55,,10475550
2025-09-04 13:51:14.404481+05:30,108.0,,10475550
2025-09-04 13:51:14.921033+05:30,108.0,,10475550
2025-09-04 13:51:15.185303+05:30,108.25,,10475550
2025-09-04 13:51:15.711672+05:30,108.0,,10475550
2025-09-04 13:51:16.216717+05:30,108.4,,10475550
2025-09-04 13:51:16.693732+05:30,108.3,,10475550
2025-09-04 13:51:17.733716+05:30,108.4,,10475550
2025-09-04 13:51:18.405637+05:30,108.35,,10475550
2025-09-04 13:51:18.665426+05:30,108.15,,10475550
2025-09-04 13:51:19.448245+05:30,108.5,,10475550
2025-09-04 13:51:19.910319+05:30,108.5,,10475550
2025-09-04 13:51:20.155771+05:30,108.5,,10475550
2025-09-04 13:51:20.719192+05:30,109.3,,10475550
2025-09-04 13:51:20.936987+05:30,109.2,,10475550
2025-09-04 13:51:21.654338+05:30,109.0,,10475550
2025-09-04 13:51:22.708203+05:30,109.5,,10475550
2025-09-04 13:51:22.938294+05:30,109.3,,10475550
2025-09-04 13:51:23.428000+05:30,108.8,,10475550
2025-09-04 13:51:23.693426+05:30,109.25,,10475550
2025-09-04 13:51:24.455823+05:30,109.95,,10475550
2025-09-04 13:51:24.907230+05:30,109.95,,10475550
2025-09-04 13:51:25.166364+05:30,110.15,,10475550
2025-09-04 13:51:25.697683+05:30,109.95,,10475550
2025-09-04 13:51:25.916261+05:30,109.8,,10475550
2025-09-04 13:51:26.708847+05:30,109.7,,10475550
2025-09-04 13:51:26.940250+05:30,109.95,,10475550
2025-09-04 13:51:27.709992+05:30,110.05,,10475550
2025-09-04 13:51:27.917042+05:30,109.8,,10475550
2025-09-04 13:51:28.727584+05:30,109.7,,10475550
2025-09-04 13:51:28.980292+05:30,109.85,,10475550
2025-09-04 13:51:29.399166+05:30,109.8,,10475550
2025-09-04 13:51:29.670947+05:30,110.0,,10475550
2025-09-04 13:51:29.925505+05:30,109.95,,10475550
2025-09-04 13:51:30.910106+05:30,109.6,,10475550
2025-09-04 13:51:31.688723+05:30,109.6,,10475550
2025-09-04 13:51:31.904534+05:30,109.3,,10475550
2025-09-04 13:51:32.665355+05:30,109.7,,10475550
2025-09-04 13:51:33.465186+05:30,109.55,,10475550
2025-09-04 13:51:33.685515+05:30,109.5,,10475550
2025-09-04 13:51:34.698969+05:30,109.6,,10475550
2025-09-04 13:51:34.920374+05:30,109.55,,10475550
2025-09-04 13:51:35.715965+05:30,109.4,,10475550
2025-09-04 13:51:35.949182+05:30,109.35,,10475550
2025-09-04 13:51:36.688924+05:30,109.4,,10475550
2025-09-04 13:51:37.740460+05:30,109.25,,10475550
2025-09-04 13:51:37.916570+05:30,109.1,,10475550
2025-09-04 13:51:38.470569+05:30,108.95,,10475550
2025-09-04 13:51:38.720113+05:30,108.8,,10475550
2025-09-04 13:51:38.954624+05:30,108.6,,10475550
2025-09-04 13:51:39.230147+05:30,108.95,,10475550
2025-09-04 13:51:39.747420+05:30,108.6,,10475550
2025-09-04 13:51:39.930572+05:30,109.0,,10475550
2025-09-04 13:51:40.707050+05:30,108.85,,10475550
2025-09-04 13:51:41.514033+05:30,108.9,,10475550
2025-09-04 13:51:41.729682+05:30,108.95,,10475550
2025-09-04 13:51:42.746892+05:30,108.8,,10475550
2025-09-04 13:51:42.915521+05:30,109.25,,10475550
2025-09-04 13:51:43.177369+05:30,109.55,,10475550
2025-09-04 13:51:43.655223+05:30,109.6,,10475550
2025-09-04 13:51:44.177602+05:30,109.9,,10475550
2025-09-04 13:51:44.678960+05:30,109.6,,10475550
2025-09-04 13:51:44.899772+05:30,109.6,,10475550
2025-09-04 13:51:45.692755+05:30,109.5,,10475550
2025-09-04 13:51:45.936398+05:30,109.4,,10475550
2025-09-04 13:51:46.509816+05:30,109.2,,10475550
2025-09-04 13:51:46.715749+05:30,109.25,,10475550
2025-09-04 13:51:47.458574+05:30,109.15,,10475550
2025-09-04 13:51:47.678431+05:30,109.25,,10475550
2025-09-04 13:51:47.920078+05:30,109.35,,10475550
2025-09-04 13:51:48.685705+05:30,109.2,,10475550
2025-09-04 13:51:48.964566+05:30,109.25,,10475550
2025-09-04 13:51:49.703396+05:30,108.85,,10475550
2025-09-04 13:51:49.912116+05:30,108.9,,10475550
2025-09-04 13:51:50.704579+05:30,108.8,,10475550
2025-09-04 13:51:50.965073+05:30,108.8,,10475550
2025-09-04 13:51:51.514389+05:30,109.05,,10475550
2025-09-04 13:51:51.653977+05:30,109.3,,10475550
2025-09-04 13:51:51.903830+05:30,109.0,,10475550
2025-09-04 13:51:52.458162+05:30,109.5,,10475550
2025-09-04 13:51:52.684550+05:30,109.2,,10475550
2025-09-04 13:51:52.902715+05:30,109.5,,10475550
2025-09-04 13:51:53.689884+05:30,109.6,,10475550
2025-09-04 13:51:54.201550+05:30,110.0,,10475550
2025-09-04 13:51:54.683077+05:30,110.4,,10475550
2025-09-04 13:51:54.932916+05:30,110.55,,10475550
2025-09-04 13:51:55.655214+05:30,110.25,,10475550
2025-09-04 13:51:56.454414+05:30,110.15,,10475550
2025-09-04 13:51:56.700408+05:30,110.2,,10475550
2025-09-04 13:51:57.472664+05:30,110.25,,10475550
2025-09-04 13:51:57.687822+05:30,110.15,,10475550
2025-09-04 13:51:57.925128+05:30,110.05,,10475550
2025-09-04 13:51:58.707736+05:30,110.4,,10475550
2025-09-04 13:51:59.154859+05:30,110.15,,10475550
2025-09-04 13:51:59.650482+05:30,110.35,,10475550
2025-09-04 13:52:00.654889+05:30,110.75,,10475550
2025-09-04 13:52:00.960381+05:30,110.75,,10475550
2025-09-04 13:52:01.500207+05:30,111.0,,10475550
2025-09-04 13:52:01.686382+05:30,111.15,,10475550
2025-09-04 13:52:02.456412+05:30,111.1,,10475550
2025-09-04 13:52:02.653925+05:30,111.05,,10475550
2025-09-04 13:52:02.930761+05:30,111.35,,10475550
2025-09-04 13:52:03.672090+05:30,111.3,,10475550
2025-09-04 13:52:03.975772+05:30,111.45,,10475550
2025-09-04 13:52:04.234082+05:30,111.05,,10475550
2025-09-04 13:52:04.705230+05:30,111.4,,10475550
2025-09-04 13:52:04.936182+05:30,111.6,,10475550
2025-09-04 13:52:05.758876+05:30,112.25,,10475550
2025-09-04 13:52:06.171792+05:30,112.25,,10475550
2025-09-04 13:52:06.785034+05:30,112.65,,10475550
2025-09-04 13:52:06.904474+05:30,112.55,,10475550
2025-09-04 13:52:07.487299+05:30,112.55,,10475550
2025-09-04 13:52:07.675918+05:30,112.6,,10475550
2025-09-04 13:52:07.936086+05:30,112.8,,10475550
2025-09-04 13:52:08.682794+05:30,113.25,,10475550
2025-09-04 13:52:08.954630+05:30,113.4,,10475550
2025-09-04 13:52:09.207330+05:30,113.25,,10475550
2025-09-04 13:52:09.710929+05:30,113.5,,10475550
2025-09-04 13:52:10.676856+05:30,113.95,,10475550
2025-09-04 13:52:11.205726+05:30,113.65,,10475550
2025-09-04 13:52:11.730698+05:30,113.5,,10475550
2025-09-04 13:52:11.916060+05:30,113.9,,10475550
2025-09-04 13:52:12.654274+05:30,112.95,,10475550
2025-09-04 13:52:12.930518+05:30,112.9,,10475550
2025-09-04 13:52:13.654164+05:30,112.75,,10475550
2025-09-04 13:52:13.927663+05:30,113.15,,10475550
2025-09-04 13:52:14.232860+05:30,113.2,,10475550
2025-09-04 13:52:14.921094+05:30,112.95,,10869675
2025-09-04 13:52:15.760281+05:30,112.8,,10869675
2025-09-04 13:52:15.921257+05:30,113.15,,10869675
2025-09-04 13:52:16.482380+05:30,113.4,,10869675
2025-09-04 13:52:16.696252+05:30,112.9,,10869675
2025-09-04 13:52:16.899793+05:30,112.85,,10869675
2025-09-04 13:52:17.431147+05:30,112.8,,10869675
2025-09-04 13:52:17.712404+05:30,112.5,,10869675
2025-09-04 13:52:18.674063+05:30,112.85,,10869675
2025-09-04 13:52:18.915726+05:30,113.0,,10869675
2025-09-04 13:52:19.265992+05:30,112.85,,10869675
2025-09-04 13:52:19.695666+05:30,112.45,,10869675
2025-09-04 13:52:19.925247+05:30,112.4,,10869675
2025-09-04 13:52:20.707863+05:30,112.55,,10869675
2025-09-04 13:52:20.942093+05:30,112.45,,10869675
2025-09-04 13:52:21.487268+05:30,113.2,,10869675
2025-09-04 13:52:21.712013+05:30,113.2,,10869675
2025-09-04 13:52:21.926561+05:30,113.45,,10869675
2025-09-04 13:52:22.526048+05:30,114.05,,10869675
2025-09-04 13:52:22.699819+05:30,114.2,,10869675
2025-09-04 13:52:22.906710+05:30,114.55,,10869675
2025-09-04 13:52:23.762487+05:30,115.25,,10869675
2025-09-04 13:52:24.264205+05:30,115.3,,10869675
2025-09-04 13:52:24.713768+05:30,114.2,,10869675
2025-09-04 13:52:24.903520+05:30,114.35,,10869675
2025-09-04 13:52:25.754957+05:30,114.15,,10869675
2025-09-04 13:52:25.907280+05:30,114.35,,10869675
2025-09-04 13:52:26.403647+05:30,114.3,,10869675
2025-09-04 13:52:26.702574+05:30,114.4,,10869675
2025-09-04 13:52:26.919809+05:30,114.4,,10869675
2025-09-04 13:52:27.448958+05:30,113.85,,10869675
2025-09-04 13:52:27.670557+05:30,114.05,,10869675
2025-09-04 13:52:27.911837+05:30,114.15,,10869675
2025-09-04 13:52:28.704882+05:30,114.35,,10869675
2025-09-04 13:52:28.930204+05:30,114.15,,10869675
2025-09-04 13:52:29.253620+05:30,114.3,,10869675
2025-09-04 13:52:29.721845+05:30,114.55,,10869675
2025-09-04 13:52:29.921688+05:30,114.7,,10869675
2025-09-04 13:52:30.683919+05:30,113.4,,10869675
2025-09-04 13:52:30.936240+05:30,113.4,,10869675
2025-09-04 13:52:31.153595+05:30,113.25,,10869675
2025-09-04 13:52:31.739572+05:30,113.5,,10869675
2025-09-04 13:52:31.921142+05:30,113.95,,10869675
2025-09-04 13:52:32.446789+05:30,114.05,,10869675
2025-09-04 13:52:32.724566+05:30,113.9,,10869675
2025-09-04 13:52:32.911109+05:30,114.25,,10869675
2025-09-04 13:52:33.760805+05:30,114.65,,10869675
2025-09-04 13:52:33.935005+05:30,114.65,,10869675
2025-09-04 13:52:34.270357+05:30,114.35,,10869675
2025-09-04 13:52:34.725809+05:30,113.5,,10869675
2025-09-04 13:52:34.920247+05:30,113.6,,10869675
2025-09-04 13:52:35.651138+05:30,113.85,,10869675
2025-09-04 13:52:35.919322+05:30,113.9,,10869675
2025-09-04 13:52:36.500370+05:30,114.05,,10869675
2025-09-04 13:52:36.658861+05:30,114.1,,10869675
2025-09-04 13:52:36.925738+05:30,114.4,,10869675
2025-09-04 13:52:37.718866+05:30,114.35,,10869675
2025-09-04 13:52:37.909778+05:30,114.2,,10869675
2025-09-04 13:52:38.696135+05:30,114.45,,10869675
2025-09-04 13:52:39.160492+05:30,114.25,,10869675
2025-09-04 13:52:39.697587+05:30,114.15,,10869675
2025-09-04 13:52:39.915068+05:30,114.1,,10869675
2025-09-04 13:52:40.665855+05:30,113.5,,10869675
2025-09-04 13:52:40.926781+05:30,113.5,,10869675
2025-09-04 13:52:41.488250+05:30,113.4,,10869675
2025-09-04 13:52:41.713435+05:30,113.4,,10869675
2025-09-04 13:52:41.930393+05:30,113.2,,10869675
2025-09-04 13:52:42.463117+05:30,113.6,,10869675
2025-09-04 13:52:42.693484+05:30,113.55,,10869675
2025-09-04 13:52:42.919715+05:30,113.75,,10869675
2025-09-04 13:52:43.830289+05:30,113.4,,10869675
2025-09-04 13:52:44.001972+05:30,113.9,,10869675
2025-09-04 13:52:44.211764+05:30,113.8,,10869675
2025-09-04 13:52:44.710242+05:30,113.8,,10869675
2025-09-04 13:52:44.932314+05:30,113.35,,10869675
2025-09-04 13:52:45.704081+05:30,113.5,,10869675
2025-09-04 13:52:45.938271+05:30,113.35,,10869675
2025-09-04 13:52:46.463993+05:30,113.5,,10869675
2025-09-04 13:52:46.721489+05:30,112.8,,10869675
2025-09-04 13:52:46.914506+05:30,111.8,,10869675
2025-09-04 13:52:47.488167+05:30,111.95,,10869675
2025-09-04 13:52:47.726253+05:30,112.2,,10869675
2025-09-04 13:52:47.921654+05:30,112.15,,10869675
2025-09-04 13:52:48.810797+05:30,112.4,,10869675
2025-09-04 13:52:48.953031+05:30,112.25,,10869675
2025-09-04 13:52:49.154876+05:30,112.25,,10869675
2025-09-04 13:52:49.692335+05:30,112.5,,10869675
2025-09-04 13:52:50.657832+05:30,112.25,,10869675
2025-09-04 13:52:50.941714+05:30,112.25,,10869675
2025-09-04 13:52:51.186885+05:30,112.3,,10869675
2025-09-04 13:52:51.712251+05:30,112.25,,10869675
2025-09-04 13:52:51.915389+05:30,112.15,,10869675
2025-09-04 13:52:52.453628+05:30,112.0,,10869675
2025-09-04 13:52:52.719487+05:30,111.75,,10869675
2025-09-04 13:52:52.916507+05:30,111.85,,10869675
2025-09-04 13:52:53.718701+05:30,111.3,,10869675
2025-09-04 13:52:53.930900+05:30,110.9,,10869675
2025-09-04 13:52:54.202291+05:30,110.85,,10869675
2025-09-04 13:52:54.470434+05:30,111.2,,10869675
2025-09-04 13:52:54.726070+05:30,111.25,,10869675
2025-09-04 13:52:54.920367+05:30,111.2,,10869675
2025-09-04 13:52:55.717724+05:30,110.95,,10869675
2025-09-04 13:52:55.935329+05:30,111.2,,10869675
2025-09-04 13:52:56.166256+05:30,110.9,,10869675
2025-09-04 13:52:56.669911+05:30,111.05,,10869675
2025-09-04 13:52:56.924694+05:30,111.0,,10869675
2025-09-04 13:52:57.484346+05:30,109.7,,10869675
2025-09-04 13:52:57.741635+05:30,109.9,,10869675
2025-09-04 13:52:57.936380+05:30,110.1,,10869675
2025-09-04 13:52:58.702566+05:30,110.65,,10869675
2025-09-04 13:52:58.918701+05:30,110.35,,10869675
2025-09-04 13:52:59.201841+05:30,110.5,,10869675
2025-09-04 13:52:59.465573+05:30,110.4,,10869675
2025-09-04 13:52:59.692009+05:30,110.5,,10869675
2025-09-04 13:52:59.914339+05:30,110.5,,10869675
2025-09-04 13:53:00.721194+05:30,111.05,,10869675
2025-09-04 13:53:00.903327+05:30,111.05,,10869675
2025-09-04 13:53:01.426682+05:30,110.8,,10869675
2025-09-04 13:53:01.763316+05:30,111.0,,10869675
2025-09-04 13:53:01.920258+05:30,110.9,,10869675
2025-09-04 13:53:02.154903+05:30,110.95,,10869675
2025-09-04 13:53:02.707593+05:30,111.1,,10869675
2025-09-04 13:53:02.919969+05:30,110.75,,10869675
2025-09-04 13:53:03.675157+05:30,110.5,,10869675
2025-09-04 13:53:03.962648+05:30,110.0,,10869675
2025-09-04 13:53:04.214754+05:30,109.85,,10869675
2025-09-04 13:53:04.433174+05:30,109.8,,10869675
2025-09-04 13:53:04.697217+05:30,110.1,,10869675
2025-09-04 13:53:04.924513+05:30,109.8,,10869675
2025-09-04 13:53:05.727917+05:30,110.15,,10869675
2025-09-04 13:53:05.937541+05:30,110.15,,10869675
2025-09-04 13:53:06.398730+05:30,110.65,,10869675
2025-09-04 13:53:06.719193+05:30,110.5,,10869675
2025-09-04 13:53:06.900960+05:30,110.55,,10869675
2025-09-04 13:53:07.487373+05:30,110.75,,10869675
2025-09-04 13:53:07.747324+05:30,110.55,,10869675
2025-09-04 13:53:07.919689+05:30,110.5,,10869675
2025-09-04 13:53:08.676309+05:30,110.8,,10869675
2025-09-04 13:53:08.974430+05:30,110.65,,10869675
2025-09-04 13:53:09.222200+05:30,110.45,,10869675
2025-09-04 13:53:09.408322+05:30,110.8,,10869675
2025-09-04 13:53:09.736677+05:30,110.8,,10869675
2025-09-04 13:53:09.919722+05:30,110.5,,10869675
2025-09-04 13:53:10.653283+05:30,110.5,,10869675
2025-09-04 13:53:10.937563+05:30,110.25,,10869675
2025-09-04 13:53:11.176220+05:30,110.15,,10869675
2025-09-04 13:53:11.760291+05:30,110.25,,10869675
2025-09-04 13:53:11.910258+05:30,110.0,,10869675
2025-09-04 13:53:12.452172+05:30,110.05,,10869675
2025-09-04 13:53:12.733359+05:30,109.95,,10869675
2025-09-04 13:53:12.906012+05:30,110.25,,10869675
2025-09-04 13:53:13.724877+05:30,110.7,,10869675
2025-09-04 13:53:13.969291+05:30,110.8,,10869675
2025-09-04 13:53:14.199493+05:30,111.3,,10869675
2025-09-04 13:53:14.461543+05:30,111.7,,10869675
2025-09-04 13:53:14.727061+05:30,111.65,,10869675
2025-09-04 13:53:14.919324+05:30,111.4,,10869675
2025-09-04 13:53:15.762827+05:30,111.9,,10869675
2025-09-04 13:53:15.940606+05:30,112.0,,10869675
2025-09-04 13:53:16.512588+05:30,112.15,,10869675
2025-09-04 13:53:16.717214+05:30,112.05,,10869675
2025-09-04 13:53:16.919411+05:30,111.9,,10869675
2025-09-04 13:53:17.410655+05:30,112.1,,10869675
2025-09-04 13:53:17.702015+05:30,111.9,,10869675
2025-09-04 13:53:17.914656+05:30,112.05,,10869675
2025-09-04 13:53:18.674578+05:30,112.0,,10869675
2025-09-04 13:53:18.975912+05:30,112.15,,10869675
2025-09-04 13:53:19.200354+05:30,111.8,,10869675
2025-09-04 13:53:19.793933+05:30,112.1,,10869675
2025-09-04 13:53:19.919201+05:30,112.15,,10869675
2025-09-04 13:53:20.733278+05:30,112.35,,10869675
2025-09-04 13:53:20.941797+05:30,112.35,,10869675
2025-09-04 13:53:21.448231+05:30,112.65,,10869675
2025-09-04 13:53:21.681669+05:30,112.65,,10869675
2025-09-04 13:53:21.919919+05:30,112.5,,10869675
2025-09-04 13:53:22.471755+05:30,112.8,,10869675
2025-09-04 13:53:22.762134+05:30,112.7,,10869675
2025-09-04 13:53:22.919912+05:30,112.95,,10869675
2025-09-04 13:53:23.693707+05:30,113.05,,10869675
2025-09-04 13:53:23.918016+05:30,113.25,,10869675
2025-09-04 13:53:24.426578+05:30,113.05,,10869675
2025-09-04 13:53:24.743342+05:30,113.45,,10869675
2025-09-04 13:53:24.921471+05:30,113.25,,10869675
2025-09-04 13:53:25.653404+05:30,114.0,,10869675
2025-09-04 13:53:25.949573+05:30,113.8,,10869675
2025-09-04 13:53:26.551172+05:30,114.15,,10869675
2025-09-04 13:53:26.698214+05:30,113.95,,10869675
2025-09-04 13:53:26.914751+05:30,114.0,,10869675
2025-09-04 13:53:27.699911+05:30,113.95,,10869675
2025-09-04 13:53:27.914547+05:30,114.2,,10869675
2025-09-04 13:53:28.747314+05:30,114.0,,10869675
2025-09-04 13:53:28.903131+05:30,114.0,,10869675
2025-09-04 13:53:29.205305+05:30,113.7,,10869675
2025-09-04 13:53:29.685863+05:30,113.5,,10869675
2025-09-04 13:53:29.899080+05:30,113.65,,10869675
2025-09-04 13:53:30.716607+05:30,113.85,,10869675
2025-09-04 13:53:30.903194+05:30,113.8,,10869675
2025-09-04 13:53:31.448211+05:30,113.55,,10869675
2025-09-04 13:53:31.724331+05:30,113.6,,10869675
2025-09-04 13:53:31.916289+05:30,113.6,,10869675
2025-09-04 13:53:32.747030+05:30,113.25,,10869675
2025-09-04 13:53:32.919495+05:30,113.3,,10869675
2025-09-04 13:53:33.722959+05:30,112.65,,10869675
2025-09-04 13:53:33.949842+05:30,112.85,,10869675
2025-09-04 13:53:34.154721+05:30,112.6,,10869675
2025-09-04 13:53:34.709914+05:30,112.75,,10869675
2025-09-04 13:53:34.924689+05:30,112.4,,10869675
2025-09-04 13:53:35.713727+05:30,112.25,,10869675
2025-09-04 13:53:35.974515+05:30,112.4,,10869675
2025-09-04 13:53:36.404627+05:30,112.3,,10869675
2025-09-04 13:53:36.680737+05:30,112.35,,10869675
2025-09-04 13:53:36.919925+05:30,112.05,,10869675
2025-09-04 13:53:37.450720+05:30,112.2,,10869675
2025-09-04 13:53:37.708965+05:30,112.3,,10869675
2025-09-04 13:53:37.919067+05:30,112.65,,10869675
2025-09-04 13:53:38.740611+05:30,112.5,,10869675
2025-09-04 13:53:38.947890+05:30,112.25,,10869675
2025-09-04 13:53:39.519794+05:30,112.15,,10869675
2025-09-04 13:53:39.727583+05:30,112.4,,10869675
2025-09-04 13:53:39.920167+05:30,112.5,,10869675
2025-09-04 13:53:40.715531+05:30,111.6,,10869675
2025-09-04 13:53:40.941334+05:30,111.75,,10869675
2025-09-04 13:53:41.560242+05:30,112.0,,10869675
2025-09-04 13:53:41.764711+05:30,111.95,,10869675
2025-09-04 13:53:41.963880+05:30,111.75,,10869675
2025-09-04 13:53:42.713856+05:30,112.0,,10869675
2025-09-04 13:53:42.919819+05:30,111.9,,10869675
2025-09-04 13:53:43.744724+05:30,112.0,,10869675
2025-09-04 13:53:43.953539+05:30,112.2,,10869675
2025-09-04 13:53:44.204657+05:30,111.85,,10869675
2025-09-04 13:53:44.685307+05:30,111.6,,10869675
2025-09-04 13:53:44.984226+05:30,111.4,,10869675
2025-09-04 13:53:45.711035+05:30,112.0,,10869675
2025-09-04 13:53:45.962557+05:30,112.1,,10869675
2025-09-04 13:53:46.426060+05:30,112.2,,10869675
2025-09-04 13:53:46.726414+05:30,111.95,,10869675
2025-09-04 13:53:46.904485+05:30,112.0,,10869675
2025-09-04 13:53:47.704823+05:30,111.85,,10869675
2025-09-04 13:53:47.919520+05:30,111.85,,10869675
2025-09-04 13:53:48.170590+05:30,111.45,,10869675
2025-09-04 13:53:48.747287+05:30,111.35,,10869675
2025-09-04 13:53:48.957552+05:30,111.25,,10869675
2025-09-04 13:53:49.224318+05:30,111.5,,10869675
2025-09-04 13:53:49.699383+05:30,111.55,,10869675
2025-09-04 13:53:49.919492+05:30,111.4,,10869675
2025-09-04 13:53:50.715850+05:30,111.5,,10869675
2025-09-04 13:53:50.964403+05:30,111.55,,10869675
2025-09-04 13:53:51.432823+05:30,111.25,,10869675
2025-09-04 13:53:51.699982+05:30,111.35,,10869675
2025-09-04 13:53:51.924131+05:30,111.15,,10869675
2025-09-04 13:53:52.204251+05:30,111.5,,10869675
2025-09-04 13:53:52.674129+05:30,111.25,,10869675
2025-09-04 13:53:52.957103+05:30,111.3,,10869675
2025-09-04 13:53:53.230563+05:30,111.55,,10869675
2025-09-04 13:53:53.818182+05:30,112.15,,10869675
2025-09-04 13:53:53.935578+05:30,112.05,,10869675
2025-09-04 13:53:54.264495+05:30,112.0,,10869675
2025-09-04 13:53:54.697432+05:30,112.3,,10869675
2025-09-04 13:53:54.924508+05:30,112.5,,10869675
2025-09-04 13:53:55.734138+05:30,112.45,,10869675
2025-09-04 13:53:55.919198+05:30,112.4,,10869675
2025-09-04 13:53:56.451282+05:30,112.3,,10869675
2025-09-04 13:53:56.697922+05:30,112.5,,10869675
2025-09-04 13:53:56.915341+05:30,112.5,,10869675
2025-09-04 13:53:57.231709+05:30,112.25,,10869675
2025-09-04 13:53:57.690417+05:30,112.8,,10869675
2025-09-04 13:53:57.915183+05:30,112.8,,10869675
2025-09-04 13:53:58.735651+05:30,112.8,,10869675
2025-09-04 13:53:58.936650+05:30,112.9,,10869675
2025-09-04 13:53:59.739302+05:30,112.9,,10869675
2025-09-04 13:53:59.897813+05:30,112.75,,10869675
2025-09-04 13:54:00.647941+05:30,112.75,,10869675
2025-09-04 13:54:00.907944+05:30,112.9,,10869675
2025-09-04 13:54:01.192831+05:30,112.6,,10869675
2025-09-04 13:54:01.776588+05:30,112.75,,10869675
2025-09-04 13:54:01.910536+05:30,112.4,,10869675
2025-09-04 13:54:02.231964+05:30,112.85,,10869675
2025-09-04 13:54:02.718780+05:30,112.35,,10869675
2025-09-04 13:54:02.919391+05:30,112.4,,10869675
2025-09-04 13:54:03.701971+05:30,112.65,,10869675
2025-09-04 13:54:03.940878+05:30,112.8,,10869675
2025-09-04 13:54:04.217366+05:30,112.95,,10869675
2025-09-04 13:54:04.723098+05:30,113.25,,10869675
2025-09-04 13:54:04.910998+05:30,113.2,,10869675
2025-09-04 13:54:05.724268+05:30,113.25,,10869675
2025-09-04 13:54:05.914241+05:30,112.95,,10869675
2025-09-04 13:54:06.202355+05:30,112.9,,10869675
2025-09-04 13:54:06.756751+05:30,113.05,,10869675
2025-09-04 13:54:06.920987+05:30,113.1,,10869675
2025-09-04 13:54:07.458951+05:30,113.1,,10869675
2025-09-04 13:54:07.901931+05:30,112.95,,10869675
2025-09-04 13:54:08.265248+05:30,113.05,,10869675
2025-09-04 13:54:08.780071+05:30,113.15,,10869675
2025-09-04 13:54:08.926306+05:30,113.0,,10869675
2025-09-04 13:54:09.701536+05:30,113.3,,10869675
2025-09-04 13:54:09.897548+05:30,113.15,,10869675
2025-09-04 13:54:10.746061+05:30,113.3,,10869675
2025-09-04 13:54:10.914680+05:30,112.95,,10869675
2025-09-04 13:54:11.154481+05:30,112.95,,10869675
2025-09-04 13:54:11.700104+05:30,112.8,,10869675
2025-09-04 13:54:11.923915+05:30,112.85,,10869675
2025-09-04 13:54:12.402641+05:30,113.05,,10869675
2025-09-04 13:54:12.722355+05:30,113.3,,10869675
2025-09-04 13:54:12.907775+05:30,113.0,,10869675
2025-09-04 13:54:13.711123+05:30,113.2,,10869675
2025-09-04 13:54:13.918752+05:30,112.9,,10869675
2025-09-04 13:54:14.247796+05:30,113.05,,10869675
2025-09-04 13:54:14.697619+05:30,112.8,,10869675
2025-09-04 13:54:14.910366+05:30,112.95,,10869675
2025-09-04 13:54:15.730191+05:30,113.2,,10869675
2025-09-04 13:54:15.914342+05:30,112.8,,10869675
2025-09-04 13:54:16.191905+05:30,112.9,,10869675
2025-09-04 13:54:16.707457+05:30,113.6,,10869675
2025-09-04 13:54:16.956163+05:30,113.65,,10869675
2025-09-04 13:54:17.409365+05:30,113.8,,10869675
2025-09-04 13:54:17.771632+05:30,113.7,,10869675
2025-09-04 13:54:17.948225+05:30,113.6,,10869675
2025-09-04 13:54:18.149988+05:30,113.15,,10869675
2025-09-04 13:54:18.718051+05:30,113.5,,10869675
2025-09-04 13:54:18.902473+05:30,113.65,,10869675
2025-09-04 13:54:19.168151+05:30,113.85,,10869675
2025-09-04 13:54:19.653833+05:30,113.5,,10869675
2025-09-04 13:54:19.989669+05:30,113.6,,10869675
2025-09-04 13:54:20.740149+05:30,113.95,,10869675
2025-09-04 13:54:20.919350+05:30,113.7,,10869675
2025-09-04 13:54:21.451372+05:30,113.25,,10869675
2025-09-04 13:54:21.745380+05:30,112.9,,10869675
2025-09-04 13:54:21.918603+05:30,113.05,,10869675
2025-09-04 13:54:22.446482+05:30,113.45,,10869675
2025-09-04 13:54:22.684196+05:30,113.65,,10869675
2025-09-04 13:54:22.899158+05:30,113.6,,10869675
2025-09-04 13:54:23.175637+05:30,113.65,,10869675
2025-09-04 13:54:23.720944+05:30,113.65,,10869675
2025-09-04 13:54:23.926762+05:30,113.25,,10869675
2025-09-04 13:54:24.761144+05:30,113.2,,10869675
2025-09-04 13:54:24.906592+05:30,113.6,,10869675
2025-09-04 13:54:25.720189+05:30,113.65,,10869675
2025-09-04 13:54:25.913571+05:30,114.1,,10869675
2025-09-04 13:54:26.206737+05:30,113.5,,10869675
2025-09-04 13:54:26.743745+05:30,113.9,,10869675
2025-09-04 13:54:26.915167+05:30,113.95,,10869675
2025-09-04 13:54:27.213244+05:30,113.9,,10869675
2025-09-04 13:54:27.656166+05:30,113.75,,10869675
2025-09-04 13:54:27.929028+05:30,113.3,,10869675
2025-09-04 13:54:28.176646+05:30,113.45,,10869675
2025-09-04 13:54:28.713314+05:30,113.5,,10869675
2025-09-04 13:54:28.934834+05:30,113.5,,10869675
2025-09-04 13:54:29.735417+05:30,113.6,,10869675
2025-09-04 13:54:29.904213+05:30,113.9,,10869675
2025-09-04 13:54:30.654004+05:30,113.6,,10869675
2025-09-04 13:54:30.918716+05:30,113.35,,10869675
2025-09-04 13:54:31.220751+05:30,113.5,,10869675
2025-09-04 13:54:31.745690+05:30,113.15,,10869675
2025-09-04 13:54:31.923981+05:30,113.4,,10869675
2025-09-04 13:54:32.486745+05:30,113.4,,10869675
2025-09-04 13:54:32.685090+05:30,113.6,,10869675
2025-09-04 13:54:32.918846+05:30,113.9,,10869675
2025-09-04 13:54:33.181643+05:30,113.9,,10869675
2025-09-04 13:54:33.798744+05:30,113.5,,10869675
2025-09-04 13:54:34.007246+05:30,113.65,,10869675
2025-09-04 13:54:34.671677+05:30,113.55,,10869675
2025-09-04 13:54:34.898946+05:30,113.7,,10869675
2025-09-04 13:54:35.722055+05:30,113.85,,10869675
2025-09-04 13:54:35.910213+05:30,114.0,,10869675
2025-09-04 13:54:36.467718+05:30,113.3,,10869675
2025-09-04 13:54:36.758042+05:30,112.3,,10869675
2025-09-04 13:54:36.946359+05:30,112.25,,10869675
2025-09-04 13:54:37.217623+05:30,112.3,,10869675
2025-09-04 13:54:37.698251+05:30,112.15,,10869675
2025-09-04 13:54:37.918771+05:30,112.25,,10869675
2025-09-04 13:54:38.186677+05:30,112.5,,10869675
2025-09-04 13:54:38.655247+05:30,112.4,,10869675
2025-09-04 13:54:38.963075+05:30,112.3,,10869675
2025-09-04 13:54:39.724983+05:30,112.2,,10869675
2025-09-04 13:54:39.919263+05:30,112.5,,10869675
2025-09-04 13:54:40.716656+05:30,111.75,,10869675
2025-09-04 13:54:40.926107+05:30,111.45,,10869675
2025-09-04 13:54:41.473524+05:30,111.35,,10869675
2025-09-04 13:54:41.702524+05:30,111.1,,10869675
2025-09-04 13:54:41.925164+05:30,111.0,,10869675
2025-09-04 13:54:42.481057+05:30,111.25,,10869675
2025-09-04 13:54:42.697334+05:30,110.9,,10869675
2025-09-04 13:54:42.902247+05:30,111.0,,10869675
2025-09-04 13:54:43.164884+05:30,111.15,,10869675
2025-09-04 13:54:43.764382+05:30,111.05,,10869675
2025-09-04 13:54:43.958008+05:30,110.7,,10869675
2025-09-04 13:54:44.714376+05:30,110.7,,10869675
2025-09-04 13:54:44.909246+05:30,110.0,,10869675
2025-09-04 13:54:45.720221+05:30,109.8,,10869675
2025-09-04 13:54:45.918746+05:30,109.1,,10869675
2025-09-04 13:54:46.397361+05:30,109.2,,10869675
2025-09-04 13:54:46.731547+05:30,109.3,,10869675
2025-09-04 13:54:46.919319+05:30,109.45,,10869675
2025-09-04 13:54:47.187769+05:30,109.4,,10869675
2025-09-04 13:54:47.718381+05:30,109.45,,10869675
2025-09-04 13:54:47.933570+05:30,109.65,,10869675
2025-09-04 13:54:48.709364+05:30,109.0,,10869675
2025-09-04 13:54:48.963575+05:30,109.3,,10869675
2025-09-04 13:54:49.462596+05:30,109.2,,10869675
2025-09-04 13:54:49.674271+05:30,109.0,,10869675
2025-09-04 13:54:49.918985+05:30,108.95,,10869675
2025-09-04 13:54:50.512303+05:30,108.35,,10869675
2025-09-04 13:54:50.755713+05:30,108.25,,10869675
2025-09-04 13:54:50.946672+05:30,108.6,,10869675
2025-09-04 13:54:51.462114+05:30,108.5,,10869675
2025-09-04 13:54:51.756617+05:30,108.65,,10869675
2025-09-04 13:54:51.941053+05:30,108.65,,10869675
2025-09-04 13:54:52.197107+05:30,108.6,,10869675
2025-09-04 13:54:52.754072+05:30,109.15,,10869675
2025-09-04 13:54:52.929569+05:30,109.05,,10869675
2025-09-04 13:54:53.729753+05:30,109.45,,10869675
2025-09-04 13:54:53.980567+05:30,109.6,,10869675
2025-09-04 13:54:54.464081+05:30,109.35,,10869675
2025-09-04 13:54:54.740012+05:30,109.2,,10869675
2025-09-04 13:54:54.914070+05:30,109.35,,10869675
2025-09-04 13:54:55.438028+05:30,109.55,,10869675
2025-09-04 13:54:55.777780+05:30,109.65,,10869675
2025-09-04 13:54:55.952731+05:30,109.6,,10869675
2025-09-04 13:54:56.194871+05:30,109.7,,10869675
2025-09-04 13:54:56.720693+05:30,109.75,,10869675
2025-09-04 13:54:56.951154+05:30,109.8,,10869675
2025-09-04 13:54:57.217094+05:30,110.0,,10869675
2025-09-04 13:54:57.735227+05:30,109.9,,10869675
2025-09-04 13:54:57.903690+05:30,110.0,,10869675
2025-09-04 13:54:58.674346+05:30,110.1,,10869675
2025-09-04 13:54:58.954751+05:30,109.8,,10869675
2025-09-04 13:54:59.453392+05:30,109.6,,10869675
2025-09-04 13:54:59.760528+05:30,109.85,,10869675
2025-09-04 13:54:59.902049+05:30,109.7,,10869675
2025-09-04 13:55:00.188066+05:30,109.6,,10869675
2025-09-04 13:55:00.664752+05:30,109.75,,10869675
2025-09-04 13:55:00.948067+05:30,109.6,,10869675
2025-09-04 13:55:01.196908+05:30,109.45,,10869675
2025-09-04 13:55:01.733387+05:30,109.8,,10869675
2025-09-04 13:55:01.970932+05:30,109.85,,10869675
2025-09-04 13:55:02.210716+05:30,109.6,,10869675
2025-09-04 13:55:02.653036+05:30,109.85,,10869675
2025-09-04 13:55:02.937216+05:30,110.0,,10869675
2025-09-04 13:55:03.742104+05:30,109.35,,10869675
2025-09-04 13:55:03.958334+05:30,109.2,,10869675
2025-09-04 13:55:04.188653+05:30,108.85,,10869675
2025-09-04 13:55:04.733327+05:30,108.3,,10869675
2025-09-04 13:55:04.909304+05:30,108.1,,10869675
2025-09-04 13:55:05.153668+05:30,108.5,,10869675
2025-09-04 13:55:05.699665+05:30,108.6,,10869675
2025-09-04 13:55:05.962674+05:30,108.15,,10869675
2025-09-04 13:55:06.191261+05:30,108.05,,10869675
2025-09-04 13:55:06.730075+05:30,108.4,,10869675
2025-09-04 13:55:06.948395+05:30,108.3,,10869675
2025-09-04 13:55:07.202579+05:30,108.65,,10869675
2025-09-04 13:55:07.773257+05:30,108.65,,10869675
2025-09-04 13:55:07.901972+05:30,108.6,,10869675
2025-09-04 13:55:08.687858+05:30,108.55,,10869675
2025-09-04 13:55:08.915904+05:30,108.55,,10869675
2025-09-04 13:55:09.152552+05:30,108.9,,10869675
2025-09-04 13:55:09.710770+05:30,108.65,,10869675
2025-09-04 13:55:09.918359+05:30,109.05,,10869675
2025-09-04 13:55:10.194277+05:30,109.3,,10869675
2025-09-04 13:55:10.724087+05:30,109.3,,10869675
2025-09-04 13:55:10.940810+05:30,109.0,,10869675
2025-09-04 13:55:11.778052+05:30,109.2,,10869675
2025-09-04 13:55:11.953156+05:30,109.45,,10869675
2025-09-04 13:55:12.492307+05:30,109.5,,10869675
2025-09-04 13:55:12.738974+05:30,109.6,,10869675
2025-09-04 13:55:12.996507+05:30,109.75,,10869675
2025-09-04 13:55:13.755080+05:30,109.7,,10869675
2025-09-04 13:55:13.902319+05:30,109.75,,10869675
2025-09-04 13:55:14.159520+05:30,109.6,,10869675
2025-09-04 13:55:14.681477+05:30,109.6,,11270475
2025-09-04 13:55:14.929881+05:30,109.85,,11270475
2025-09-04 13:55:15.194728+05:30,109.7,,11270475
2025-09-04 13:55:15.668010+05:30,109.8,,11270475
2025-09-04 13:55:15.919433+05:30,109.85,,11270475
2025-09-04 13:55:16.719897+05:30,109.7,,11270475
2025-09-04 13:55:16.947156+05:30,109.65,,11270475
2025-09-04 13:55:17.473827+05:30,109.7,,11270475
2025-09-04 13:55:17.761528+05:30,109.65,,11270475
2025-09-04 13:55:17.945874+05:30,109.8,,11270475
2025-09-04 13:55:18.440860+05:30,109.4,,11270475
2025-09-04 13:55:18.658995+05:30,108.6,,11270475
2025-09-04 13:55:18.927288+05:30,109.0,,11270475
2025-09-04 13:55:19.403778+05:30,109.3,,11270475
2025-09-04 13:55:19.739175+05:30,109.35,,11270475
2025-09-04 13:55:19.923751+05:30,109.2,,11270475
2025-09-04 13:55:20.201061+05:30,109.0,,11270475
