time,last_price,volume,oi
2025-09-04 12:10:38.622357+05:30,56.15,,8279925
2025-09-04 12:10:38.858828+05:30,55.3,,8279925
2025-09-04 12:10:39.375532+05:30,55.8,,8279925
2025-09-04 12:10:39.844921+05:30,55.6,,8279925
2025-09-04 12:10:40.577198+05:30,55.8,,8279925
2025-09-04 12:10:40.848042+05:30,55.9,,8279925
2025-09-04 12:10:41.413643+05:30,55.8,,8279925
2025-09-04 12:10:41.658281+05:30,55.6,,8279925
2025-09-04 12:10:41.884142+05:30,55.55,,8279925
2025-09-04 12:10:42.093700+05:30,55.5,,8279925
2025-09-04 12:10:42.352601+05:30,55.55,,8279925
2025-09-04 12:10:42.843476+05:30,55.55,,8279925
2025-09-04 12:10:43.084316+05:30,55.35,,8279925
2025-09-04 12:10:43.627418+05:30,55.75,,8279925
2025-09-04 12:10:43.833929+05:30,55.75,,8279925
2025-09-04 12:10:44.364517+05:30,55.6,,8279925
2025-09-04 12:10:44.879015+05:30,55.35,,8279925
2025-09-04 12:10:45.367936+05:30,55.3,,8279925
2025-09-04 12:10:45.835015+05:30,55.1,,8279925
2025-09-04 12:10:46.349381+05:30,55.15,,8279925
2025-09-04 12:10:46.665526+05:30,55.2,,8279925
2025-09-04 12:10:46.817421+05:30,55.15,,8279925
2025-09-04 12:10:47.095383+05:30,55.45,,8279925
2025-09-04 12:10:47.378257+05:30,55.95,,8279925
2025-09-04 12:10:47.872917+05:30,55.85,,8279925
2025-09-04 12:10:48.346854+05:30,55.85,,8279925
2025-09-04 12:10:48.576812+05:30,55.6,,8279925
2025-09-04 12:10:48.899253+05:30,55.5,,8279925
2025-09-04 12:10:49.638997+05:30,55.4,,8279925
2025-09-04 12:10:49.816172+05:30,55.55,,8279925
2025-09-04 12:10:50.437606+05:30,55.4,,8279925
2025-09-04 12:10:50.855563+05:30,55.3,,8279925
2025-09-04 12:10:51.405566+05:30,55.45,,8279925
2025-09-04 12:10:51.889319+05:30,55.6,,8279925
2025-09-04 12:10:52.161219+05:30,55.65,,8279925
2025-09-04 12:10:52.348488+05:30,55.6,,8279925
2025-09-04 12:10:53.088052+05:30,56.0,,8279925
2025-09-04 12:10:53.338982+05:30,56.05,,8279925
2025-09-04 12:10:53.580995+05:30,56.1,,8279925
2025-09-04 12:10:54.113137+05:30,56.1,,8279925
2025-09-04 12:10:54.316143+05:30,56.5,,8279925
2025-09-04 12:10:54.915256+05:30,56.2,,8279925
2025-09-04 12:10:55.338330+05:30,56.4,,8279925
2025-09-04 12:10:56.099422+05:30,56.7,,8279925
2025-09-04 12:10:56.605278+05:30,56.6,,8279925
2025-09-04 12:10:57.132003+05:30,56.5,,8279925
2025-09-04 12:10:57.387834+05:30,56.65,,8279925
2025-09-04 12:10:58.115482+05:30,56.5,,8279925
2025-09-04 12:10:58.359706+05:30,56.7,,8279925
2025-09-04 12:10:58.568189+05:30,56.7,,8279925
2025-09-04 12:10:59.098568+05:30,56.85,,8279925
2025-09-04 12:10:59.358022+05:30,56.85,,8279925
2025-09-04 12:11:00.118831+05:30,57.0,,8279925
2025-09-04 12:11:00.369798+05:30,57.45,,8279925
2025-09-04 12:11:01.213031+05:30,57.1,,8279925
2025-09-04 12:11:01.349088+05:30,57.25,,8279925
2025-09-04 12:11:02.066180+05:30,57.05,,8279925
2025-09-04 12:11:02.348892+05:30,56.9,,8279925
2025-09-04 12:11:03.093132+05:30,56.5,,8279925
2025-09-04 12:11:03.576063+05:30,57.0,,8279925
2025-09-04 12:11:04.093400+05:30,56.85,,8279925
2025-09-04 12:11:04.357494+05:30,56.95,,8279925
2025-09-04 12:11:05.077049+05:30,56.9,,8279925
2025-09-04 12:11:05.409550+05:30,56.9,,8279925
2025-09-04 12:11:05.596618+05:30,56.95,,8279925
2025-09-04 12:11:06.122713+05:30,56.95,,8279925
2025-09-04 12:11:06.348503+05:30,56.7,,8279925
2025-09-04 12:11:06.593756+05:30,56.75,,8279925
2025-09-04 12:11:07.141913+05:30,56.85,,8279925
2025-09-04 12:11:07.429830+05:30,56.95,,8279925
2025-09-04 12:11:08.073271+05:30,56.9,,8279925
2025-09-04 12:11:08.590429+05:30,57.15,,8279925
2025-09-04 12:11:09.130418+05:30,56.95,,8279925
2025-09-04 12:11:09.360078+05:30,56.9,,8279925
2025-09-04 12:11:10.157163+05:30,56.8,,8279925
2025-09-04 12:11:10.324235+05:30,57.5,,8279925
2025-09-04 12:11:11.159619+05:30,57.25,,8279925
2025-09-04 12:11:11.601590+05:30,57.65,,8279925
2025-09-04 12:11:12.103508+05:30,57.05,,8279925
2025-09-04 12:11:12.380038+05:30,56.7,,8279925
2025-09-04 12:11:13.137288+05:30,56.65,,8279925
2025-09-04 12:11:13.432445+05:30,56.6,,8279925
2025-09-04 12:11:13.656394+05:30,56.7,,8279925
2025-09-04 12:11:14.098254+05:30,56.7,,8279925
2025-09-04 12:11:14.343465+05:30,56.7,,8279925
2025-09-04 12:11:15.086842+05:30,56.7,,8279925
2025-09-04 12:11:15.360516+05:30,56.55,,8279925
2025-09-04 12:11:16.120357+05:30,56.5,,8279925
2025-09-04 12:11:16.579217+05:30,56.55,,8279925
2025-09-04 12:11:17.070696+05:30,56.6,,8279925
2025-09-04 12:11:17.370100+05:30,56.45,,8279925
2025-09-04 12:11:18.147728+05:30,56.55,,8279925
2025-09-04 12:11:18.414303+05:30,56.5,,8279925
2025-09-04 12:11:18.893622+05:30,56.4,,8279925
2025-09-04 12:11:19.345334+05:30,56.55,,8279925
2025-09-04 12:11:20.094314+05:30,56.5,,8279925
2025-09-04 12:11:20.344292+05:30,56.3,,8279925
2025-09-04 12:11:21.167044+05:30,56.1,,8279925
2025-09-04 12:11:21.362233+05:30,56.2,,8279925
2025-09-04 12:11:21.609875+05:30,56.15,,8279925
2025-09-04 12:11:22.070939+05:30,56.3,,8279925
2025-09-04 12:11:22.329398+05:30,56.35,,8279925
2025-09-04 12:11:23.097607+05:30,56.2,,8279925
2025-09-04 12:11:23.379960+05:30,56.15,,8279925
2025-09-04 12:11:23.823495+05:30,56.05,,8279925
2025-09-04 12:11:24.388657+05:30,56.05,,8279925
2025-09-04 12:11:25.127631+05:30,56.3,,8279925
2025-09-04 12:11:25.367901+05:30,55.85,,8279925
2025-09-04 12:11:26.125717+05:30,55.75,,8279925
2025-09-04 12:11:26.354074+05:30,55.85,,8279925
2025-09-04 12:11:26.592861+05:30,55.75,,8279925
2025-09-04 12:11:27.116526+05:30,55.75,,8279925
2025-09-04 12:11:27.337695+05:30,55.9,,8279925
2025-09-04 12:11:28.141569+05:30,55.85,,8279925
2025-09-04 12:11:28.406168+05:30,55.75,,8279925
2025-09-04 12:11:28.852417+05:30,55.9,,8279925
2025-09-04 12:11:29.171779+05:30,55.7,,8279925
2025-09-04 12:11:29.566170+05:30,56.05,,8279925
2025-09-04 12:11:30.123013+05:30,56.35,,8279925
2025-09-04 12:11:30.365810+05:30,56.25,,8279925
2025-09-04 12:11:31.174338+05:30,56.3,,8279925
2025-09-04 12:11:31.425831+05:30,56.25,,8279925
2025-09-04 12:11:31.612834+05:30,56.25,,8279925
2025-09-04 12:11:32.125055+05:30,56.35,,8279925
2025-09-04 12:11:32.347573+05:30,56.25,,8279925
2025-09-04 12:11:33.119823+05:30,56.4,,8279925
2025-09-04 12:11:33.404082+05:30,56.35,,8279925
2025-09-04 12:11:33.849282+05:30,56.35,,8279925
2025-09-04 12:11:34.378323+05:30,56.3,,8279925
2025-09-04 12:11:35.072146+05:30,56.35,,8279925
2025-09-04 12:11:35.360185+05:30,56.25,,8279925
2025-09-04 12:11:36.070360+05:30,56.2,,8279925
2025-09-04 12:11:36.349413+05:30,56.15,,8279925
2025-09-04 12:11:36.588402+05:30,56.2,,8279925
2025-09-04 12:11:37.141591+05:30,56.25,,8279925
2025-09-04 12:11:37.375590+05:30,56.1,,8279925
2025-09-04 12:11:38.150922+05:30,56.1,,8279925
2025-09-04 12:11:38.402160+05:30,56.0,,8279925
2025-09-04 12:11:38.864495+05:30,55.85,,8279925
2025-09-04 12:11:39.400771+05:30,55.7,,8279925
2025-09-04 12:11:40.070089+05:30,55.7,,8279925
2025-09-04 12:11:40.320240+05:30,55.15,,8279925
2025-09-04 12:11:41.114398+05:30,55.4,,8279925
2025-09-04 12:11:41.377723+05:30,55.55,,8279925
2025-09-04 12:11:41.670930+05:30,55.5,,8279925
2025-09-04 12:11:42.102313+05:30,55.8,,8279925
2025-09-04 12:11:42.570801+05:30,55.7,,8279925
2025-09-04 12:11:43.092619+05:30,55.6,,8279925
2025-09-04 12:11:43.444299+05:30,55.85,,8279925
2025-09-04 12:11:43.570185+05:30,55.7,,8279925
2025-09-04 12:11:44.087354+05:30,55.85,,8279925
2025-09-04 12:11:44.636920+05:30,55.55,,8279925
2025-09-04 12:11:44.845520+05:30,55.55,,8279925
2025-09-04 12:11:45.176427+05:30,55.6,,8279925
2025-09-04 12:11:45.399441+05:30,55.55,,8279925
2025-09-04 12:11:46.185835+05:30,55.6,,8279925
2025-09-04 12:11:46.330021+05:30,55.65,,8279925
2025-09-04 12:11:46.860278+05:30,55.55,,8279925
2025-09-04 12:11:47.077384+05:30,55.7,,8279925
2025-09-04 12:11:47.332548+05:30,55.55,,8279925
2025-09-04 12:11:48.066196+05:30,55.55,,8279925
2025-09-04 12:11:48.359640+05:30,55.8,,8279925
2025-09-04 12:11:48.565829+05:30,56.35,,8279925
2025-09-04 12:11:49.092439+05:30,55.7,,8279925
2025-09-04 12:11:49.356434+05:30,55.8,,8279925
2025-09-04 12:11:49.843399+05:30,55.75,,8279925
2025-09-04 12:11:50.094048+05:30,55.9,,8279925
2025-09-04 12:11:50.374146+05:30,55.9,,8279925
2025-09-04 12:11:51.171444+05:30,55.75,,8279925
2025-09-04 12:11:51.346341+05:30,55.7,,8279925
2025-09-04 12:11:51.855318+05:30,55.85,,8279925
2025-09-04 12:11:52.388151+05:30,55.6,,8279925
2025-09-04 12:11:53.075151+05:30,55.5,,8279925
2025-09-04 12:11:53.370412+05:30,55.7,,8279925
2025-09-04 12:11:54.065822+05:30,55.75,,8279925
2025-09-04 12:11:54.354550+05:30,55.7,,8279925
2025-09-04 12:11:54.864182+05:30,55.8,,8279925
2025-09-04 12:11:55.126434+05:30,55.7,,8279925
2025-09-04 12:11:55.639153+05:30,55.7,,8279925
2025-09-04 12:11:56.154977+05:30,55.4,,8279925
2025-09-04 12:11:56.399216+05:30,55.55,,8279925
2025-09-04 12:11:56.828354+05:30,55.3,,8279925
2025-09-04 12:11:57.371878+05:30,55.55,,8279925
2025-09-04 12:11:58.086869+05:30,55.55,,8279925
2025-09-04 12:11:58.369856+05:30,55.65,,8279925
2025-09-04 12:11:58.570055+05:30,55.75,,8279925
2025-09-04 12:11:59.070684+05:30,55.45,,8279925
2025-09-04 12:11:59.412282+05:30,55.3,,8279925
2025-09-04 12:11:59.832128+05:30,54.75,,8279925
2025-09-04 12:12:00.341640+05:30,54.9,,8279925
2025-09-04 12:12:01.102089+05:30,55.1,,8279925
2025-09-04 12:12:01.356879+05:30,55.2,,8279925
2025-09-04 12:12:01.841995+05:30,55.25,,8279925
2025-09-04 12:12:02.413512+05:30,54.8,,8279925
2025-09-04 12:12:03.129551+05:30,54.65,,8279925
2025-09-04 12:12:03.354081+05:30,55.0,,8279925
2025-09-04 12:12:03.591940+05:30,54.85,,8279925
2025-09-04 12:12:04.091976+05:30,54.65,,8279925
2025-09-04 12:12:04.588650+05:30,55.15,,8279925
2025-09-04 12:12:04.866104+05:30,55.15,,8279925
2025-09-04 12:12:05.091890+05:30,55.35,,8279925
2025-09-04 12:12:05.373490+05:30,55.3,,8279925
2025-09-04 12:12:06.074293+05:30,54.9,,8279925
2025-09-04 12:12:06.602689+05:30,54.85,,8279925
2025-09-04 12:12:06.850474+05:30,55.3,,8279925
2025-09-04 12:12:07.091884+05:30,55.2,,8279925
2025-09-04 12:12:07.583971+05:30,55.3,,8279925
2025-09-04 12:12:08.074869+05:30,55.1,,8279925
2025-09-04 12:12:08.588874+05:30,55.25,,8279925
2025-09-04 12:12:09.092179+05:30,55.35,,8279925
2025-09-04 12:12:09.587069+05:30,55.5,,8279925
2025-09-04 12:12:09.851561+05:30,55.35,,8279925
2025-09-04 12:12:10.193382+05:30,55.3,,8279925
2025-09-04 12:12:10.404735+05:30,55.55,,8279925
2025-09-04 12:12:11.126368+05:30,55.6,,8279925
2025-09-04 12:12:11.347734+05:30,55.6,,8279925
2025-09-04 12:12:11.847232+05:30,55.55,,8279925
2025-09-04 12:12:12.341845+05:30,55.55,,8279925
2025-09-04 12:12:13.136778+05:30,55.2,,8279925
2025-09-04 12:12:13.344453+05:30,55.3,,8279925
2025-09-04 12:12:13.584100+05:30,55.35,,8279925
2025-09-04 12:12:14.107310+05:30,55.25,,8279925
2025-09-04 12:12:14.336750+05:30,55.3,,8279925
2025-09-04 12:12:14.859250+05:30,55.2,,8279925
2025-09-04 12:12:15.100015+05:30,55.2,,8279925
2025-09-04 12:12:15.366008+05:30,55.15,,8279925
2025-09-04 12:12:16.064924+05:30,55.35,,8279925
2025-09-04 12:12:16.340157+05:30,55.45,,8279925
2025-09-04 12:12:16.816128+05:30,55.4,,8279925
2025-09-04 12:12:17.069689+05:30,55.35,,8279925
2025-09-04 12:12:17.391217+05:30,55.15,,8279925
2025-09-04 12:12:18.119859+05:30,55.0,,8279925
2025-09-04 12:12:18.397553+05:30,55.15,,8279925
2025-09-04 12:12:18.650013+05:30,54.95,,8279925
2025-09-04 12:12:19.133995+05:30,55.0,,8279925
2025-09-04 12:12:19.341540+05:30,55.0,,8279925
2025-09-04 12:12:19.864080+05:30,55.1,,8279925
2025-09-04 12:12:20.146301+05:30,55.1,,8279925
2025-09-04 12:12:20.363457+05:30,54.75,,8279925
2025-09-04 12:12:21.069458+05:30,54.55,,8279925
2025-09-04 12:12:21.606823+05:30,54.85,,8279925
2025-09-04 12:12:21.842279+05:30,54.65,,8279925
2025-09-04 12:12:22.597688+05:30,54.9,,8279925
2025-09-04 12:12:23.074514+05:30,54.7,,8279925
2025-09-04 12:12:23.342600+05:30,54.65,,8279925
2025-09-04 12:12:23.570246+05:30,54.55,,8279925
2025-09-04 12:12:24.089603+05:30,54.1,,8279925
2025-09-04 12:12:24.659235+05:30,54.15,,8279925
2025-09-04 12:12:24.850831+05:30,54.2,,8279925
2025-09-04 12:12:25.355307+05:30,54.45,,8279925
2025-09-04 12:12:25.569406+05:30,54.85,,8279925
2025-09-04 12:16:19.339922+05:30,55.85,,8347875
2025-09-04 12:16:19.633175+05:30,55.65,,8347875
2025-09-04 12:16:19.840458+05:30,55.6,,8347875
2025-09-04 12:16:20.068225+05:30,55.4,,8347875
2025-09-04 12:16:20.570064+05:30,55.45,,8347875
2025-09-04 12:16:21.108329+05:30,54.8,,8347875
2025-09-04 12:16:21.429604+05:30,54.8,,8347875
2025-09-04 12:16:21.568457+05:30,54.7,,8347875
2025-09-04 12:16:22.146399+05:30,54.65,,8347875
2025-09-04 12:16:22.649314+05:30,54.7,,8347875
2025-09-04 12:16:23.167827+05:30,54.95,,8347875
2025-09-04 12:16:23.503547+05:30,54.8,,8347875
2025-09-04 12:16:23.630394+05:30,54.9,,8347875
2025-09-04 12:16:24.139146+05:30,54.85,,8347875
2025-09-04 12:16:24.608241+05:30,54.8,,8347875
2025-09-04 12:16:24.832435+05:30,54.75,,8347875
2025-09-04 12:16:25.090870+05:30,54.7,,8347875
2025-09-04 12:16:25.620366+05:30,54.6,,8347875
2025-09-04 12:16:26.094632+05:30,54.6,,8347875
2025-09-04 12:16:26.342445+05:30,54.3,,8347875
2025-09-04 12:16:26.663014+05:30,54.2,,8347875
2025-09-04 12:16:27.073208+05:30,54.15,,8347875
2025-09-04 12:16:27.636535+05:30,54.5,,8347875
2025-09-04 12:18:25.071105+05:30,55.1,,8347875
2025-09-04 12:18:25.270182+05:30,54.75,,8347875
2025-09-04 12:18:25.551926+05:30,54.75,,8347875
2025-09-04 12:18:26.336329+05:30,54.75,,8347875
2025-09-04 12:18:26.785245+05:30,54.75,,8347875
2025-09-04 12:18:27.037422+05:30,54.65,,8347875
2025-09-04 12:18:27.283753+05:30,54.8,,8347875
2025-09-04 12:18:27.706425+05:30,54.6,,8347875
2025-09-04 12:18:28.323909+05:30,54.75,,8347875
2025-09-04 12:18:28.733844+05:30,54.6,,8347875
2025-09-04 12:18:29.063892+05:30,54.65,,8347875
2025-09-04 12:18:29.207042+05:30,54.65,,8347875
2025-09-04 12:18:29.723856+05:30,54.55,,8347875
2025-09-04 12:18:30.043333+05:30,54.4,,8347875
2025-09-04 12:18:30.456412+05:30,54.2,,8347875
2025-09-04 12:18:31.007004+05:30,54.35,,8347875
2025-09-04 12:18:31.778382+05:30,54.3,,8347875
2025-09-04 12:18:32.068618+05:30,54.6,,8347875
2025-09-04 12:18:32.549959+05:30,54.5,,8347875
2025-09-04 12:18:32.724147+05:30,54.45,,8347875
2025-09-04 12:18:33.278742+05:30,54.5,,8347875
2025-09-04 12:18:33.733799+05:30,54.4,,8347875
2025-09-04 12:18:33.977379+05:30,54.6,,8347875
2025-09-04 12:18:34.733992+05:30,54.45,,8347875
2025-09-04 12:18:35.296648+05:30,54.25,,8347875
2025-09-04 12:18:35.453291+05:30,54.35,,8347875
2025-09-04 12:18:35.957247+05:30,54.35,,8347875
2025-09-04 12:18:36.760647+05:30,54.25,,8347875
2025-09-04 12:18:37.073450+05:30,54.35,,8347875
2025-09-04 12:18:37.530946+05:30,54.45,,8347875
2025-09-04 12:18:37.769167+05:30,54.35,,8347875
2025-09-04 12:18:38.226693+05:30,54.15,,8347875
2025-09-04 12:18:38.735565+05:30,53.95,,8347875
2025-09-04 12:18:39.009045+05:30,54.0,,8347875
2025-09-04 12:18:39.717346+05:30,53.85,,8347875
2025-09-04 12:18:40.317537+05:30,54.0,,8347875
2025-09-04 12:18:40.461210+05:30,53.95,,8347875
2025-09-04 12:18:41.305444+05:30,54.0,,8347875
2025-09-04 12:18:41.741508+05:30,54.1,,8347875
2025-09-04 12:18:42.332106+05:30,54.0,,8347875
2025-09-04 12:18:42.736068+05:30,54.1,,8347875
2025-09-04 12:18:43.230883+05:30,54.2,,8347875
2025-09-04 12:18:43.733293+05:30,54.05,,8347875
2025-09-04 12:18:44.038707+05:30,54.15,,8347875
2025-09-04 12:18:44.207560+05:30,54.15,,8347875
2025-09-04 12:18:44.723727+05:30,54.15,,8347875
2025-09-04 12:18:44.991948+05:30,54.4,,8347875
2025-09-04 12:18:45.452004+05:30,54.25,,8347875
2025-09-04 12:18:45.776065+05:30,54.1,,8347875
2025-09-04 12:18:46.294123+05:30,54.25,,8347875
2025-09-04 12:18:46.710088+05:30,54.1,,8347875
2025-09-04 12:18:47.221613+05:30,53.95,,8347875
2025-09-04 12:18:47.732536+05:30,53.8,,8347875
2025-09-04 12:18:48.028996+05:30,53.95,,8347875
2025-09-04 12:18:48.735819+05:30,53.95,,8347875
2025-09-04 12:18:49.074546+05:30,53.9,,8347875
2025-09-04 12:18:49.246750+05:30,53.9,,8347875
2025-09-04 12:18:49.708534+05:30,53.95,,8347875
2025-09-04 12:18:50.290271+05:30,53.85,,8347875
2025-09-04 12:18:50.546983+05:30,53.85,,8347875
2025-09-04 12:18:50.738081+05:30,53.85,,8347875
2025-09-04 12:18:51.287911+05:30,53.7,,8347875
2025-09-04 12:18:51.708098+05:30,53.65,,8347875
2025-09-04 12:18:52.237932+05:30,53.65,,8347875
2025-09-04 12:18:52.744431+05:30,53.9,,8347875
2025-09-04 12:18:53.275532+05:30,53.75,,8347875
2025-09-04 12:18:53.705928+05:30,53.5,,8347875
2025-09-04 12:18:54.027005+05:30,53.3,,8347875
2025-09-04 12:18:54.743550+05:30,53.55,,8347875
2025-09-04 12:18:55.273126+05:30,53.5,,8347875
2025-09-04 12:18:55.520441+05:30,53.35,,8347875
2025-09-04 12:18:55.720120+05:30,53.45,,8347875
2025-09-04 12:18:56.340149+05:30,53.65,,8347875
2025-09-04 12:18:56.705922+05:30,53.45,,8369700
2025-09-04 12:18:57.008052+05:30,53.55,,8369700
2025-09-04 12:18:57.774484+05:30,53.35,,8369700
2025-09-04 12:18:58.481005+05:30,52.25,,8369700
2025-09-04 12:18:59.000209+05:30,52.45,,8369700
2025-09-04 12:19:00.061664+05:30,52.2,,8369700
2025-09-04 12:19:00.205793+05:30,52.2,,8369700
2025-09-04 12:19:00.455853+05:30,52.4,,8369700
2025-09-04 12:19:01.279102+05:30,52.4,,8369700
2025-09-04 12:19:01.717180+05:30,52.85,,8369700
2025-09-04 12:19:02.305833+05:30,52.95,,8369700
2025-09-04 12:19:02.756019+05:30,52.7,,8369700
2025-09-04 12:19:03.259174+05:30,52.8,,8369700
2025-09-04 12:19:03.737894+05:30,52.8,,8369700
2025-09-04 12:19:04.025157+05:30,53.0,,8369700
2025-09-04 12:19:04.729387+05:30,53.25,,8369700
2025-09-04 12:19:05.121100+05:30,53.15,,8369700
2025-09-04 12:19:05.489082+05:30,53.05,,8369700
2025-09-04 12:19:06.069528+05:30,53.05,,8369700
2025-09-04 12:33:57.627836+05:30,53.55,,8246325
2025-09-04 12:33:57.678258+05:30,53.7,,8246325
2025-09-04 12:33:58.223397+05:30,53.85,,8246325
2025-09-04 12:33:58.631055+05:30,53.9,,8246325
2025-09-04 12:33:59.127074+05:30,54.2,,8264625
2025-09-04 12:33:59.728349+05:30,54.3,,8264625
2025-09-04 12:34:00.441436+05:30,54.3,,8264625
2025-09-04 12:34:00.654630+05:30,54.2,,8264625
2025-09-04 12:34:01.491268+05:30,54.2,,8264625
2025-09-04 12:34:01.653293+05:30,54.2,,8264625
2025-09-04 12:34:02.230493+05:30,54.2,,8264625
2025-09-04 12:34:02.460932+05:30,54.4,,8264625
2025-09-04 12:34:02.877008+05:30,54.1,,8264625
2025-09-04 12:34:03.372238+05:30,54.25,,8264625
2025-09-04 12:34:03.711438+05:30,54.45,,8264625
2025-09-04 12:34:04.475038+05:30,54.35,,8264625
2025-09-04 12:34:04.933924+05:30,54.55,,8264625
2025-09-04 12:34:05.458424+05:30,54.7,,8264625
2025-09-04 12:34:05.878895+05:30,54.8,,8264625
2025-09-04 12:34:06.134422+05:30,55.2,,8264625
2025-09-04 12:34:06.882978+05:30,55.2,,8264625
2025-09-04 12:34:07.380074+05:30,55.0,,8264625
2025-09-04 12:34:07.914134+05:30,55.2,,8264625
2025-09-04 12:34:08.376903+05:30,54.8,,8264625
2025-09-04 12:34:08.665690+05:30,54.8,,8264625
2025-09-04 12:34:09.146906+05:30,54.3,,8264625
2025-09-04 12:34:09.889198+05:30,54.25,,8264625
2025-09-04 12:34:10.146012+05:30,54.35,,8264625
2025-09-04 12:34:10.651414+05:30,54.35,,8264625
2025-09-04 12:34:10.876955+05:30,54.4,,8264625
2025-09-04 12:34:11.159015+05:30,54.2,,8264625
2025-09-04 12:34:11.937997+05:30,54.15,,8264625
2025-09-04 12:34:12.227907+05:30,54.2,,8264625
2025-09-04 12:34:12.936625+05:30,54.2,,8264625
2025-09-04 12:34:13.371835+05:30,54.3,,8264625
2025-09-04 12:34:13.702574+05:30,54.25,,8264625
2025-09-04 12:34:14.427694+05:30,54.3,,8264625
2025-09-04 12:34:14.937049+05:30,54.1,,8264625
2025-09-04 12:34:15.411699+05:30,53.9,,8264625
2025-09-04 12:34:15.876791+05:30,54.05,,8264625
2025-09-04 12:34:16.680267+05:30,53.9,,8264625
2025-09-04 12:34:16.913718+05:30,53.75,,8264625
2025-09-04 12:34:17.128842+05:30,53.75,,8264625
2025-09-04 12:34:17.374078+05:30,53.75,,8264625
2025-09-04 12:34:17.922646+05:30,53.75,,8264625
2025-09-04 12:34:18.454201+05:30,53.7,,8264625
2025-09-04 12:34:18.622003+05:30,53.8,,8264625
2025-09-04 12:34:19.407478+05:30,53.9,,8264625
2025-09-04 12:34:19.925780+05:30,53.95,,8264625
2025-09-04 12:34:20.372541+05:30,54.0,,8264625
2025-09-04 12:34:20.954202+05:30,54.05,,8264625
2025-09-04 12:34:21.445570+05:30,53.95,,8264625
2025-09-04 12:34:21.907454+05:30,53.85,,8264625
2025-09-04 12:34:22.626900+05:30,53.85,,8264625
2025-09-04 12:34:22.914002+05:30,53.75,,8264625
2025-09-04 12:34:23.426792+05:30,53.6,,8264625
2025-09-04 12:34:23.626626+05:30,53.9,,8264625
2025-09-04 12:34:24.399508+05:30,53.95,,8264625
2025-09-04 12:34:24.955806+05:30,54.0,,8264625
2025-09-04 12:34:25.126701+05:30,54.0,,8264625
2025-09-04 12:34:25.897022+05:30,53.85,,8264625
2025-09-04 12:34:26.372212+05:30,53.45,,8264625
2025-09-04 12:34:26.695609+05:30,53.35,,8264625
2025-09-04 12:34:26.928579+05:30,53.35,,8264625
2025-09-04 12:34:27.626825+05:30,53.35,,8264625
2025-09-04 12:34:27.872328+05:30,53.35,,8264625
2025-09-04 12:34:28.421875+05:30,53.5,,8264625
2025-09-04 12:34:28.872579+05:30,53.5,,8264625
2025-09-04 12:34:29.376579+05:30,53.5,,8264625
2025-09-04 12:34:29.930962+05:30,53.6,,8264625
2025-09-04 12:34:30.173266+05:30,53.7,,8264625
2025-09-04 12:34:30.376557+05:30,53.7,,8264625
2025-09-04 12:34:30.698441+05:30,54.0,,8264625
2025-09-04 12:34:31.377276+05:30,53.85,,8264625
2025-09-04 12:34:31.626587+05:30,53.7,,8264625
2025-09-04 12:34:32.679016+05:30,53.5,,8264625
2025-09-04 12:34:32.918153+05:30,53.4,,8264625
2025-09-04 12:34:33.175443+05:30,53.4,,8264625
2025-09-04 12:34:33.403439+05:30,53.35,,8264625
2025-09-04 12:34:33.903101+05:30,53.6,,8264625
2025-09-04 12:34:34.376402+05:30,53.45,,8264625
2025-09-04 12:34:34.918155+05:30,53.4,,8264625
2025-09-04 12:34:35.161066+05:30,53.35,,8264625
2025-09-04 12:34:35.388915+05:30,53.5,,8264625
2025-09-04 12:34:35.952189+05:30,53.45,,8264625
2025-09-04 12:34:36.376529+05:30,53.25,,8264625
2025-09-04 12:34:36.627077+05:30,53.3,,8264625
2025-09-04 12:34:37.421723+05:30,53.35,,8264625
2025-09-04 12:34:37.943511+05:30,53.3,,8264625
2025-09-04 12:34:38.191283+05:30,53.35,,8264625
2025-09-04 12:34:38.399605+05:30,53.2,,8264625
2025-09-04 12:34:38.905040+05:30,53.4,,8264625
2025-09-04 12:34:39.376701+05:30,53.2,,8264625
2025-09-04 12:34:39.907840+05:30,52.95,,8264625
2025-09-04 12:34:40.415611+05:30,52.75,,8264625
2025-09-04 12:34:40.942760+05:30,52.85,,8264625
2025-09-04 12:34:41.485211+05:30,52.55,,8264625
2025-09-04 12:34:41.710219+05:30,52.45,,8264625
2025-09-04 12:34:42.469831+05:30,52.65,,8264625
2025-09-04 12:34:42.893889+05:30,52.55,,8264625
2025-09-04 12:34:43.421838+05:30,52.85,,8264625
2025-09-04 12:34:43.913025+05:30,52.75,,8264625
2025-09-04 12:34:44.622191+05:30,52.85,,8264625
2025-09-04 12:34:44.951189+05:30,52.85,,8264625
2025-09-04 12:34:45.390021+05:30,52.8,,8264625
2025-09-04 12:34:45.923753+05:30,52.8,,8264625
2025-09-04 12:34:46.672730+05:30,52.85,,8264625
2025-09-04 12:34:46.926789+05:30,52.75,,8264625
2025-09-04 12:34:47.376445+05:30,52.85,,8264625
2025-09-04 12:34:47.903814+05:30,52.6,,8264625
2025-09-04 12:34:48.448394+05:30,52.65,,8264625
2025-09-04 12:34:48.872180+05:30,52.35,,8264625
2025-09-04 12:34:49.373320+05:30,52.6,,8264625
2025-09-04 12:34:49.921806+05:30,52.65,,8264625
2025-09-04 12:34:50.197936+05:30,52.55,,8264625
2025-09-04 12:34:50.424189+05:30,52.55,,8264625
2025-09-04 12:34:50.876996+05:30,52.55,,8264625
2025-09-04 12:34:51.398728+05:30,52.3,,8264625
2025-09-04 12:34:51.675667+05:30,52.2,,8264625
2025-09-04 12:34:52.376335+05:30,52.3,,8264625
2025-09-04 12:34:52.900044+05:30,52.3,,8264625
2025-09-04 12:34:53.220543+05:30,52.4,,8264625
2025-09-04 12:34:53.436071+05:30,52.4,,8264625
2025-09-04 12:34:53.890104+05:30,52.4,,8264625
2025-09-04 12:34:54.377301+05:30,52.3,,8264625
2025-09-04 12:34:54.949997+05:30,52.4,,8264625
2025-09-04 12:34:55.377144+05:30,52.4,,8264625
2025-09-04 12:34:55.931048+05:30,52.4,,8264625
2025-09-04 12:34:56.481766+05:30,52.35,,8264625
2025-09-04 12:34:56.881336+05:30,52.5,,8264625
2025-09-04 12:34:57.371106+05:30,52.15,,8264625
2025-09-04 12:34:57.944201+05:30,52.4,,8264625
2025-09-04 12:34:58.255026+05:30,52.25,,8264625
2025-09-04 12:34:58.375890+05:30,52.2,,8264625
2025-09-04 12:34:58.901062+05:30,52.2,,8264625
2025-09-04 12:34:59.420854+05:30,52.25,,8264625
2025-09-04 12:34:59.876037+05:30,52.25,,8264625
2025-09-04 12:35:00.376562+05:30,52.15,,8264625
2025-09-04 12:35:00.876432+05:30,52.2,,8264625
2025-09-04 12:35:01.397333+05:30,52.1,,8264625
2025-09-04 12:35:01.876105+05:30,51.95,,8264625
2025-09-04 12:35:02.381819+05:30,52.1,,8264625
2025-09-04 12:35:02.944959+05:30,52.05,,8264625
2025-09-04 12:35:03.237103+05:30,52.15,,8264625
2025-09-04 12:35:03.421376+05:30,52.25,,8264625
2025-09-04 12:35:03.874088+05:30,52.2,,8264625
2025-09-04 12:35:04.375996+05:30,52.2,,8264625
2025-09-04 12:35:04.915994+05:30,51.9,,8264625
2025-09-04 12:35:05.372173+05:30,51.75,,8264625
2025-09-04 12:35:05.938936+05:30,51.6,,8264625
2025-09-04 12:35:06.402442+05:30,51.55,,8264625
2025-09-04 12:35:06.875947+05:30,51.6,,8264625
2025-09-04 12:35:07.375886+05:30,51.7,,8264625
2025-09-04 12:35:07.954343+05:30,51.8,,8264625
2025-09-04 12:35:08.130713+05:30,51.9,,8264625
2025-09-04 12:35:08.460042+05:30,51.9,,8264625
2025-09-04 12:35:08.870839+05:30,52.15,,8264625
2025-09-04 12:35:09.427844+05:30,52.15,,8264625
2025-09-04 12:35:09.871000+05:30,52.35,,8264625
2025-09-04 12:35:10.444225+05:30,52.25,,8264625
2025-09-04 12:35:10.886206+05:30,52.05,,8264625
2025-09-04 12:35:11.413578+05:30,51.9,,8264625
2025-09-04 12:35:11.876183+05:30,51.8,,8264625
2025-09-04 12:35:12.410141+05:30,51.8,,8264625
2025-09-04 12:35:12.870881+05:30,51.85,,8264625
2025-09-04 12:35:13.160433+05:30,51.85,,8264625
2025-09-04 12:35:13.872782+05:30,51.85,,8264625
2025-09-04 12:35:14.397335+05:30,51.8,,8264625
2025-09-04 12:35:14.938880+05:30,52.05,,8264625
2025-09-04 12:35:15.731009+05:30,51.95,,8264625
2025-09-04 12:35:15.889990+05:30,51.8,,8264625
2025-09-04 12:35:16.448111+05:30,52.05,,8264625
2025-09-04 12:35:16.947622+05:30,52.4,,8264625
2025-09-04 12:35:17.383741+05:30,52.3,,8264625
2025-09-04 12:35:17.926170+05:30,52.3,,8264625
2025-09-04 12:35:18.126134+05:30,52.3,,8264625
2025-09-04 12:35:18.452524+05:30,52.2,,8264625
2025-09-04 12:35:18.899356+05:30,52.2,,8264625
2025-09-04 12:35:19.408959+05:30,52.25,,8264625
2025-09-04 12:35:19.882109+05:30,52.2,,8264625
2025-09-04 12:35:20.375798+05:30,52.2,,8264625
2025-09-04 12:35:20.875613+05:30,52.1,,8264625
2025-09-04 12:35:21.660294+05:30,52.15,,8264625
2025-09-04 12:35:21.924764+05:30,52.15,,8264625
2025-09-04 12:35:22.414907+05:30,52.3,,8264625
2025-09-04 12:35:22.935062+05:30,52.2,,8264625
2025-09-04 12:35:23.180821+05:30,52.15,,8264625
2025-09-04 12:35:23.440592+05:30,52.15,,8264625
2025-09-04 12:35:23.873193+05:30,52.3,,8264625
2025-09-04 12:35:24.427502+05:30,52.25,,8264625
2025-09-04 12:35:24.937159+05:30,52.3,,8264625
2025-09-04 12:35:25.375456+05:30,52.2,,8264625
2025-09-04 12:35:25.873068+05:30,52.3,,8264625
2025-09-04 12:35:26.376410+05:30,52.4,,8264625
2025-09-04 12:35:26.918011+05:30,52.35,,8264625
2025-09-04 12:35:27.421382+05:30,52.35,,8264625
2025-09-04 13:44:22.077161+05:30,49.5,,8086275
2025-09-04 13:44:22.277738+05:30,49.7,,8086275
2025-09-04 13:44:22.943117+05:30,49.55,,8086275
2025-09-04 13:44:23.495857+05:30,49.55,,8086275
2025-09-04 13:44:23.653682+05:30,49.5,,8086275
2025-09-04 13:44:23.907773+05:30,49.6,,8086275
2025-09-04 13:44:24.163926+05:30,49.65,,8086275
2025-09-04 13:44:24.904785+05:30,49.5,,8086275
2025-09-04 13:44:25.175478+05:30,49.5,,8086275
2025-09-04 13:44:25.408467+05:30,49.65,,8086275
2025-09-04 13:44:25.908825+05:30,49.7,,8086275
2025-09-04 13:44:26.465373+05:30,49.75,,8086275
2025-09-04 13:44:26.930197+05:30,50.0,,8086275
2025-09-04 13:44:27.256880+05:30,50.1,,8086275
2025-09-04 13:44:27.425140+05:30,50.05,,8086275
2025-09-04 13:44:27.903406+05:30,50.4,,8086275
2025-09-04 13:44:28.406644+05:30,50.3,,8086275
2025-09-04 13:44:28.687206+05:30,50.35,,8086275
2025-09-04 13:44:28.921646+05:30,50.1,,8086275
2025-09-04 13:44:29.461025+05:30,50.3,,8086275
2025-09-04 13:44:29.908748+05:30,50.2,,8086275
2025-09-04 13:44:30.455064+05:30,50.05,,8086275
2025-09-04 13:44:30.743738+05:30,50.05,,8086275
2025-09-04 13:44:30.905872+05:30,50.25,,8086275
2025-09-04 13:44:31.485254+05:30,50.15,,8086275
2025-09-04 13:44:31.925563+05:30,50.4,,8086275
2025-09-04 13:44:32.235130+05:30,50.3,,8086275
2025-09-04 13:44:32.908474+05:30,50.3,,8086275
2025-09-04 13:44:33.561215+05:30,50.4,,8086275
2025-09-04 13:44:33.919970+05:30,50.2,,8086275
2025-09-04 13:44:34.425784+05:30,50.3,,8086275
2025-09-04 13:44:34.911164+05:30,50.3,,8086275
2025-09-04 13:44:35.250080+05:30,50.4,,8086275
2025-09-04 13:44:35.658625+05:30,50.25,,8086275
2025-09-04 13:44:35.908258+05:30,50.35,,8086275
2025-09-04 13:44:36.253905+05:30,50.25,,8086275
2025-09-04 13:44:36.974613+05:30,50.2,,8086275
2025-09-04 13:44:37.193301+05:30,50.2,,8086275
2025-09-04 13:44:37.409052+05:30,50.2,,8086275
2025-09-04 13:44:37.962310+05:30,50.05,,8086275
2025-09-04 13:44:38.252476+05:30,50.1,,8086275
2025-09-04 13:44:38.708114+05:30,50.25,,8086275
2025-09-04 13:44:38.929806+05:30,50.25,,8086275
2025-09-04 13:44:39.453683+05:30,50.25,,8086275
2025-09-04 13:44:40.201394+05:30,50.3,,8086275
2025-09-04 13:44:40.499049+05:30,50.05,,8086275
2025-09-04 13:44:40.908110+05:30,50.15,,8086275
2025-09-04 13:44:41.265595+05:30,50.3,,8086275
2025-09-04 13:44:42.180726+05:30,50.25,,8086275
2025-09-04 13:44:42.417783+05:30,50.25,,8086275
2025-09-04 13:44:43.236115+05:30,50.5,,8086275
2025-09-04 13:44:43.465742+05:30,50.7,,8086275
2025-09-04 13:44:43.726575+05:30,50.9,,8086275
2025-09-04 13:44:43.913976+05:30,50.7,,8086275
2025-09-04 13:44:44.259184+05:30,50.65,,8086275
2025-09-04 13:44:45.236871+05:30,50.85,,8086275
2025-09-04 13:44:45.416833+05:30,50.8,,8086275
2025-09-04 13:44:46.242543+05:30,50.9,,8086275
2025-09-04 13:44:46.941433+05:30,50.9,,8086275
2025-09-04 13:44:47.504911+05:30,50.85,,8086275
2025-09-04 13:44:48.273608+05:30,50.95,,8086275
2025-09-04 13:44:48.519952+05:30,51.05,,8086275
2025-09-04 13:44:48.706198+05:30,50.95,,8086275
2025-09-04 13:44:48.907976+05:30,51.05,,8086275
2025-09-04 13:44:49.186061+05:30,51.05,,8086275
2025-09-04 13:44:50.258249+05:30,50.9,,8086275
2025-09-04 13:44:50.471856+05:30,50.85,,8086275
2025-09-04 13:44:51.182207+05:30,50.7,,8086275
2025-09-04 13:44:51.427356+05:30,50.75,,8086275
2025-09-04 13:44:51.935284+05:30,50.6,,8086275
2025-09-04 13:44:52.239342+05:30,50.9,,8086275
2025-09-04 13:44:53.223900+05:30,51.1,,8086275
2025-09-04 13:44:53.421251+05:30,51.1,,8086275
2025-09-04 13:44:53.658003+05:30,51.0,,8086275
2025-09-04 13:44:53.902983+05:30,51.0,,8086275
2025-09-04 13:44:54.299875+05:30,51.0,,8086275
2025-09-04 13:44:55.209501+05:30,51.05,,8086275
2025-09-04 13:44:55.666359+05:30,50.85,,8086275
2025-09-04 13:44:56.211976+05:30,50.75,,8086275
2025-09-04 13:44:56.454406+05:30,50.75,,8086275
2025-09-04 13:44:56.920842+05:30,50.6,,8086275
2025-09-04 13:44:57.181853+05:30,50.6,,8086275
2025-09-04 13:44:58.159821+05:30,50.6,,8086275
2025-09-04 13:44:58.669127+05:30,50.7,,8086275
2025-09-04 13:44:58.907939+05:30,50.6,,8086275
2025-09-04 13:44:59.159743+05:30,50.6,,8086275
2025-09-04 13:45:00.181958+05:30,50.6,,8086275
2025-09-04 13:45:00.477769+05:30,50.7,,8086275
2025-09-04 13:45:00.904484+05:30,50.6,,8086275
2025-09-04 13:45:01.199923+05:30,50.65,,8086275
2025-09-04 13:45:01.503350+05:30,50.5,,8086275
2025-09-04 13:45:01.915637+05:30,50.25,,8086275
2025-09-04 13:45:02.265193+05:30,50.55,,8086275
2025-09-04 13:45:02.462939+05:30,50.45,,8086275
2025-09-04 13:45:03.269398+05:30,50.45,,8086275
2025-09-04 13:45:03.488722+05:30,50.6,,8086275
2025-09-04 13:45:03.751671+05:30,50.4,,8086275
2025-09-04 13:45:03.907941+05:30,50.75,,8086275
2025-09-04 13:45:04.204936+05:30,50.4,,8086275
2025-09-04 13:45:05.233588+05:30,50.5,,8086275
2025-09-04 13:45:05.652909+05:30,50.55,,8086275
2025-09-04 13:45:06.192687+05:30,50.3,,8086275
2025-09-04 13:45:06.925064+05:30,50.35,,8086275
2025-09-04 13:45:07.255652+05:30,50.5,,8086275
2025-09-04 13:45:08.249213+05:30,50.5,,8086275
2025-09-04 13:45:08.525044+05:30,50.45,,8086275
2025-09-04 13:45:08.675170+05:30,50.5,,8086275
2025-09-04 13:45:08.940724+05:30,50.45,,8086275
2025-09-04 13:45:09.268641+05:30,50.4,,8086275
2025-09-04 13:45:10.172052+05:30,50.4,,8086275
2025-09-04 13:45:10.699919+05:30,50.35,,8086275
2025-09-04 13:45:11.174692+05:30,50.3,,8086275
2025-09-04 13:45:11.925094+05:30,50.35,,8086275
2025-09-04 13:45:12.251634+05:30,50.25,,8086275
2025-09-04 13:45:13.227610+05:30,50.7,,8086275
2025-09-04 13:45:13.700487+05:30,50.85,,8086275
2025-09-04 13:45:13.907877+05:30,50.85,,8086275
2025-09-04 13:45:14.480700+05:30,50.65,,8086275
2025-09-04 13:45:15.178313+05:30,50.8,,8086275
2025-09-04 13:45:15.657688+05:30,50.9,,8086275
2025-09-04 13:45:16.215521+05:30,51.25,,8086275
2025-09-04 13:45:16.907581+05:30,51.0,,8086275
2025-09-04 13:45:17.432731+05:30,51.05,,8086275
2025-09-04 13:45:18.231347+05:30,51.1,,8086275
2025-09-04 13:45:18.465537+05:30,51.1,,8086275
2025-09-04 13:45:18.675267+05:30,51.1,,8086275
2025-09-04 13:45:18.908298+05:30,51.3,,8086275
2025-09-04 13:45:19.323150+05:30,51.1,,8086275
2025-09-04 13:45:20.170138+05:30,51.5,,8086275
2025-09-04 13:45:20.673913+05:30,51.3,,8086275
2025-09-04 13:45:21.175785+05:30,51.3,,8086275
2025-09-04 13:45:21.495744+05:30,51.2,,8086275
2025-09-04 13:45:21.907572+05:30,51.35,,8086275
2025-09-04 13:45:22.188249+05:30,51.45,,8086275
2025-09-04 13:45:23.260779+05:30,51.7,,8086275
2025-09-04 13:45:23.447321+05:30,51.65,,8086275
2025-09-04 13:45:23.713835+05:30,51.5,,8086275
2025-09-04 13:45:23.907735+05:30,51.6,,8086275
2025-09-04 13:45:24.203908+05:30,51.85,,8086275
2025-09-04 13:45:25.250274+05:30,51.9,,8086275
2025-09-04 13:45:25.678408+05:30,52.1,,8086275
2025-09-04 13:45:26.284586+05:30,52.1,,8086275
2025-09-04 13:45:26.934926+05:30,51.85,,8086275
2025-09-04 13:45:27.223034+05:30,51.9,,8086275
2025-09-04 13:45:27.409095+05:30,51.85,,8086275
2025-09-04 13:45:28.340382+05:30,51.8,,8086275
2025-09-04 13:45:28.448403+05:30,51.8,,8086275
2025-09-04 13:45:28.681903+05:30,51.7,,8086275
2025-09-04 13:45:28.919410+05:30,51.65,,8086275
2025-09-04 13:45:29.161023+05:30,51.6,,8086275
2025-09-04 13:45:30.185602+05:30,51.65,,8086275
2025-09-04 13:45:30.736216+05:30,51.65,,8086275
2025-09-04 13:45:31.258232+05:30,51.6,,8086275
2025-09-04 13:45:31.486328+05:30,51.6,,8086275
2025-09-04 13:45:31.929306+05:30,51.65,,8086275
2025-09-04 13:45:32.240695+05:30,51.5,,8086275
2025-09-04 13:45:33.154084+05:30,51.05,,8086275
2025-09-04 13:45:33.409076+05:30,51.0,,8086275
2025-09-04 13:45:33.681021+05:30,50.8,,8086275
2025-09-04 13:45:33.907690+05:30,50.8,,8086275
2025-09-04 13:45:34.228004+05:30,50.85,,8086275
2025-09-04 13:45:35.167893+05:30,50.9,,8086275
2025-09-04 13:45:35.685368+05:30,50.75,,8086275
2025-09-04 13:45:36.165298+05:30,51.0,,8086275
2025-09-04 13:45:36.934857+05:30,50.95,,8086275
2025-09-04 13:45:37.211222+05:30,50.95,,8086275
2025-09-04 13:45:38.219971+05:30,50.75,,8086275
2025-09-04 13:45:38.699363+05:30,50.75,,8086275
2025-09-04 13:45:38.908877+05:30,50.75,,8086275
2025-09-04 13:45:39.227581+05:30,50.7,,8086275
2025-09-04 13:45:40.176895+05:30,50.6,,8086275
2025-09-04 13:45:40.679188+05:30,50.7,,8086275
2025-09-04 13:45:41.155129+05:30,50.75,,8086275
2025-09-04 13:45:41.421165+05:30,50.9,,8086275
2025-09-04 13:45:41.928789+05:30,50.8,,8086275
2025-09-04 13:45:42.209885+05:30,50.95,,8086275
2025-09-04 13:45:43.195901+05:30,50.75,,8086275
2025-09-04 13:45:43.497723+05:30,50.75,,8086275
2025-09-04 13:45:43.691281+05:30,50.8,,8086275
2025-09-04 13:45:43.914640+05:30,50.9,,8086275
2025-09-04 13:45:44.482700+05:30,50.85,,8086275
2025-09-04 13:45:45.191757+05:30,50.6,,8086275
2025-09-04 13:45:45.422507+05:30,51.1,,8086275
2025-09-04 13:45:45.707333+05:30,51.0,,8086275
2025-09-04 13:45:46.159785+05:30,51.2,,8086275
2025-09-04 13:45:46.924505+05:30,51.15,,8086275
2025-09-04 13:45:47.425023+05:30,51.1,,8086275
2025-09-04 13:45:48.213871+05:30,51.45,,8086275
2025-09-04 13:45:48.700723+05:30,51.2,,8086275
2025-09-04 13:45:48.907380+05:30,51.1,,8086275
2025-09-04 13:45:49.229458+05:30,51.1,,8086275
2025-09-04 13:45:50.173031+05:30,51.2,,8086275
2025-09-04 13:45:50.668435+05:30,51.25,,8086275
2025-09-04 13:45:51.167112+05:30,51.6,,8086275
2025-09-04 13:45:51.934155+05:30,51.4,,8086275
2025-09-04 13:45:52.430709+05:30,51.55,,8086275
2025-09-04 13:45:53.291325+05:30,51.6,,8086275
2025-09-04 13:45:53.440841+05:30,51.5,,8086275
2025-09-04 13:45:53.708756+05:30,51.35,,8086275
2025-09-04 13:45:53.907632+05:30,51.25,,8086275
2025-09-04 13:45:54.533972+05:30,51.45,,8086275
2025-09-04 13:45:55.201406+05:30,51.4,,8086275
2025-09-04 13:45:55.676756+05:30,51.35,,8086275
2025-09-04 13:45:56.188656+05:30,51.4,,8086275
2025-09-04 13:45:56.504698+05:30,51.4,,8086275
2025-09-04 13:45:56.926214+05:30,51.3,,8086275
2025-09-04 13:45:57.182205+05:30,51.3,,8086275
2025-09-04 13:45:57.557046+05:30,51.55,,8086275
2025-09-04 13:45:58.262925+05:30,51.4,,8086275
2025-09-04 13:45:58.489174+05:30,51.5,,8086275
2025-09-04 13:45:58.940038+05:30,51.4,,8086275
2025-09-04 13:45:59.197800+05:30,51.35,,8086275
2025-09-04 13:46:00.213725+05:30,51.1,,8086275
2025-09-04 13:46:00.403059+05:30,51.25,,8086275
2025-09-04 13:46:00.759841+05:30,51.2,,8086275
2025-09-04 13:46:01.180997+05:30,51.2,,8086275
2025-09-04 13:46:01.538311+05:30,51.15,,8086275
2025-09-04 13:46:01.713600+05:30,51.3,,8086275
2025-09-04 13:46:02.233055+05:30,51.15,,8086275
2025-09-04 13:46:02.470040+05:30,51.1,,8086275
2025-09-04 13:46:03.231580+05:30,50.95,,8086275
2025-09-04 13:46:03.472645+05:30,50.95,,8086275
2025-09-04 13:46:03.974434+05:30,50.9,,8086275
2025-09-04 13:46:04.480836+05:30,50.8,,8086275
2025-09-04 13:46:05.189913+05:30,50.9,,8086275
2025-09-04 13:46:05.476193+05:30,50.85,,8086275
2025-09-04 13:46:06.179605+05:30,50.8,,8086275
2025-09-04 13:46:06.667747+05:30,50.85,,8086275
2025-09-04 13:46:07.298438+05:30,50.8,,8086275
2025-09-04 13:46:08.257914+05:30,50.9,,8086275
2025-09-04 13:46:08.697156+05:30,50.85,,8086275
2025-09-04 13:46:08.963339+05:30,50.9,,8086275
2025-09-04 13:46:09.152316+05:30,51.15,,8086275
2025-09-04 13:46:10.183134+05:30,51.2,,8086275
2025-09-04 13:46:10.536101+05:30,51.3,,8086275
2025-09-04 13:46:11.235925+05:30,51.05,,8038425
2025-09-04 13:46:11.463285+05:30,51.05,,8038425
2025-09-04 13:46:11.702137+05:30,51.05,,8038425
2025-09-04 13:46:12.281865+05:30,51.1,,8038425
2025-09-04 13:46:12.497129+05:30,51.1,,8038425
2025-09-04 13:46:13.209331+05:30,51.05,,8038425
2025-09-04 13:46:13.449754+05:30,50.65,,8038425
2025-09-04 13:46:13.944294+05:30,50.8,,8038425
2025-09-04 13:46:14.187632+05:30,50.7,,8038425
2025-09-04 13:46:14.474695+05:30,50.7,,8038425
2025-09-04 13:46:15.210487+05:30,50.85,,8038425
2025-09-04 13:46:15.565536+05:30,50.8,,8038425
2025-09-04 13:46:16.194978+05:30,50.75,,8038425
2025-09-04 13:46:16.509354+05:30,50.75,,8038425
2025-09-04 13:46:16.657791+05:30,50.7,,8038425
2025-09-04 13:46:17.315159+05:30,50.4,,8038425
2025-09-04 13:46:18.265004+05:30,50.3,,8038425
2025-09-04 13:46:18.490331+05:30,50.3,,8038425
2025-09-04 13:46:18.705681+05:30,50.2,,8038425
2025-09-04 13:46:18.953303+05:30,50.35,,8038425
2025-09-04 13:46:19.433828+05:30,50.3,,8038425
2025-09-04 13:46:20.177940+05:30,50.35,,8038425
2025-09-04 13:46:20.512044+05:30,50.4,,8038425
2025-09-04 13:46:21.192832+05:30,50.1,,8038425
2025-09-04 13:46:21.524776+05:30,50.2,,8038425
2025-09-04 13:46:21.677009+05:30,50.3,,8038425
2025-09-04 13:46:22.251887+05:30,50.3,,8038425
2025-09-04 13:46:22.548551+05:30,50.4,,8038425
2025-09-04 13:46:23.246036+05:30,50.35,,8038425
2025-09-04 13:46:23.527149+05:30,50.3,,8038425
2025-09-04 13:46:23.977519+05:30,50.35,,8038425
2025-09-04 13:46:24.224640+05:30,50.35,,8038425
2025-09-04 13:46:24.498793+05:30,50.35,,8038425
2025-09-04 13:46:25.172098+05:30,50.45,,8038425
2025-09-04 13:46:25.539547+05:30,50.45,,8038425
2025-09-04 13:46:26.157688+05:30,50.45,,8038425
2025-09-04 13:46:26.726283+05:30,50.45,,8038425
2025-09-04 13:46:27.259488+05:30,50.65,,8038425
2025-09-04 13:46:27.469355+05:30,50.65,,8038425
2025-09-04 13:46:28.185894+05:30,50.95,,8038425
2025-09-04 13:46:28.478351+05:30,50.8,,8038425
2025-09-04 13:46:28.940740+05:30,50.85,,8038425
2025-09-04 13:46:29.242395+05:30,50.8,,8038425
2025-09-04 13:46:30.238830+05:30,50.95,,8038425
2025-09-04 13:46:30.475939+05:30,51.0,,8038425
2025-09-04 13:46:30.664464+05:30,51.0,,8038425
2025-09-04 13:46:31.171630+05:30,50.95,,8038425
2025-09-04 13:46:31.512360+05:30,50.8,,8038425
2025-09-04 13:46:31.698035+05:30,50.75,,8038425
2025-09-04 13:46:32.157355+05:30,50.75,,8038425
2025-09-04 13:46:32.429463+05:30,50.95,,8038425
2025-09-04 13:46:33.197058+05:30,51.1,,8038425
2025-09-04 13:46:33.507593+05:30,51.1,,8038425
2025-09-04 13:46:33.657544+05:30,51.0,,8038425
2025-09-04 13:46:33.928176+05:30,50.9,,8038425
2025-09-04 13:46:34.158285+05:30,51.15,,8038425
2025-09-04 13:46:35.200652+05:30,50.8,,8038425
2025-09-04 13:46:35.423755+05:30,50.7,,8038425
2025-09-04 13:46:36.217846+05:30,50.9,,8038425
2025-09-04 13:46:36.652215+05:30,50.7,,8038425
2025-09-04 13:46:37.162799+05:30,50.65,,8038425
2025-09-04 13:46:37.407112+05:30,50.4,,8038425
2025-09-04 13:46:38.263731+05:30,50.5,,8038425
2025-09-04 13:46:38.460089+05:30,50.5,,8038425
2025-09-04 13:46:38.907046+05:30,50.45,,8038425
2025-09-04 13:46:39.161887+05:30,50.45,,8038425
2025-09-04 13:46:40.227783+05:30,50.4,,8038425
2025-09-04 13:46:40.500652+05:30,50.4,,8038425
2025-09-04 13:46:41.212536+05:30,50.35,,8038425
2025-09-04 13:46:41.687776+05:30,50.35,,8038425
2025-09-04 13:46:42.157930+05:30,50.35,,8038425
2025-09-04 13:46:42.554882+05:30,50.35,,8038425
2025-09-04 13:46:43.214908+05:30,50.45,,8038425
2025-09-04 13:46:43.427269+05:30,50.6,,8038425
2025-09-04 13:46:43.906728+05:30,50.65,,8038425
2025-09-04 13:46:44.186994+05:30,50.6,,8038425
2025-09-04 13:46:44.509561+05:30,50.8,,8038425
2025-09-04 13:46:45.172729+05:30,50.9,,8038425
2025-09-04 13:46:45.495855+05:30,50.9,,8038425
2025-09-04 13:46:46.242575+05:30,50.75,,8038425
2025-09-04 13:46:46.429873+05:30,50.8,,8038425
2025-09-04 13:46:46.936750+05:30,50.75,,8038425
2025-09-04 13:46:47.256533+05:30,50.75,,8038425
2025-09-04 13:46:48.313244+05:30,50.65,,8038425
2025-09-04 13:46:48.750029+05:30,50.55,,8038425
2025-09-04 13:46:48.906636+05:30,50.55,,8038425
2025-09-04 13:46:49.174438+05:30,50.8,,8038425
2025-09-04 13:46:50.242254+05:30,50.75,,8038425
2025-09-04 13:46:50.410257+05:30,50.7,,8038425
2025-09-04 13:46:51.262095+05:30,50.7,,8038425
2025-09-04 13:46:51.482500+05:30,50.7,,8038425
2025-09-04 13:46:51.929321+05:30,50.75,,8038425
2025-09-04 13:46:52.451588+05:30,50.65,,8038425
2025-09-04 13:46:53.240119+05:30,50.75,,8038425
2025-09-04 13:46:53.463022+05:30,50.75,,8038425
2025-09-04 13:46:53.679095+05:30,50.6,,8038425
2025-09-04 13:46:53.906760+05:30,50.7,,8038425
2025-09-04 13:46:54.157853+05:30,50.85,,8038425
2025-09-04 13:46:55.229078+05:30,50.6,,8038425
2025-09-04 13:46:55.408359+05:30,50.65,,8038425
2025-09-04 13:46:56.236185+05:30,50.85,,8038425
2025-09-04 13:46:56.431783+05:30,50.85,,8038425
2025-09-04 13:46:56.928074+05:30,50.6,,8038425
2025-09-04 13:46:57.171003+05:30,50.75,,8038425
2025-09-04 13:46:58.260288+05:30,50.8,,8038425
2025-09-04 13:46:58.514352+05:30,50.8,,8038425
2025-09-04 13:46:59.212190+05:30,50.6,,8038425
2025-09-04 13:47:00.187107+05:30,50.65,,8038425
2025-09-04 13:47:00.511609+05:30,50.75,,8038425
2025-09-04 13:47:00.704415+05:30,50.7,,8038425
2025-09-04 13:47:01.185891+05:30,50.65,,8038425
2025-09-04 13:47:01.961508+05:30,50.55,,8038425
2025-09-04 13:47:02.174698+05:30,50.65,,8038425
2025-09-04 13:47:03.290487+05:30,50.5,,8038425
2025-09-04 13:47:03.457414+05:30,50.45,,8038425
2025-09-04 13:47:04.181169+05:30,50.3,,8038425
2025-09-04 13:47:04.430872+05:30,50.25,,8038425
2025-09-04 13:47:05.157942+05:30,50.0,,8038425
2025-09-04 13:47:05.488797+05:30,50.0,,8038425
2025-09-04 13:47:05.686368+05:30,50.2,,8038425
2025-09-04 13:47:06.206596+05:30,50.05,,8038425
2025-09-04 13:47:06.929314+05:30,50.15,,8038425
2025-09-04 13:47:07.215540+05:30,50.15,,8038425
2025-09-04 13:47:08.273598+05:30,50.3,,8038425
2025-09-04 13:47:08.413909+05:30,50.3,,8038425
2025-09-04 13:47:09.224472+05:30,50.45,,8038425
2025-09-04 13:47:09.429147+05:30,50.4,,8038425
2025-09-04 13:47:10.176564+05:30,50.45,,8038425
2025-09-04 13:47:10.684773+05:30,50.5,,8038425
2025-09-04 13:47:11.205110+05:30,50.65,,8038425
2025-09-04 13:47:11.928798+05:30,50.55,,8038425
2025-09-04 13:47:12.209719+05:30,50.65,,8038425
2025-09-04 13:47:12.537349+05:30,50.55,,8038425
2025-09-04 13:47:13.179857+05:30,50.55,,8038425
2025-09-04 13:47:13.502005+05:30,50.55,,8038425
2025-09-04 13:47:14.172156+05:30,50.5,,8038425
2025-09-04 13:47:14.412298+05:30,50.6,,8038425
2025-09-04 13:47:15.175361+05:30,50.4,,8038425
2025-09-04 13:47:15.407800+05:30,50.35,,8038425
2025-09-04 13:47:15.684041+05:30,50.35,,8038425
2025-09-04 13:47:16.171898+05:30,50.35,,8038425
2025-09-04 13:47:16.554097+05:30,50.4,,8038425
2025-09-04 13:47:16.928744+05:30,50.3,,8038425
2025-09-04 13:47:17.237119+05:30,50.25,,8038425
2025-09-04 13:47:18.179567+05:30,50.4,,8038425
2025-09-04 13:47:18.494159+05:30,50.25,,8038425
2025-09-04 13:47:19.175362+05:30,50.35,,8038425
2025-09-04 13:47:19.472177+05:30,50.35,,8038425
2025-09-04 13:47:20.162953+05:30,50.15,,8038425
2025-09-04 13:47:20.717178+05:30,50.1,,8038425
2025-09-04 13:47:21.183799+05:30,50.1,,8038425
2025-09-04 13:47:21.972342+05:30,50.1,,8038425
2025-09-04 13:47:22.187295+05:30,50.05,,8038425
2025-09-04 13:47:22.428771+05:30,50.35,,8038425
2025-09-04 13:47:23.263530+05:30,50.2,,8038425
2025-09-04 13:47:23.671080+05:30,50.2,,8038425
2025-09-04 13:47:24.249275+05:30,50.1,,8038425
2025-09-04 13:47:24.423979+05:30,50.2,,8038425
2025-09-04 13:47:25.181921+05:30,50.0,,8038425
2025-09-04 13:47:25.488135+05:30,49.9,,8038425
2025-09-04 13:47:25.667792+05:30,49.85,,8038425
2025-09-04 13:47:26.176412+05:30,50.15,,8038425
2025-09-04 13:47:26.971848+05:30,50.15,,8038425
2025-09-04 13:47:27.224916+05:30,50.1,,8038425
2025-09-04 13:47:27.425235+05:30,50.15,,8038425
2025-09-04 13:47:28.274250+05:30,50.15,,8038425
2025-09-04 13:47:28.407524+05:30,50.2,,8038425
2025-09-04 13:47:29.252098+05:30,50.15,,8038425
2025-09-04 13:47:29.525289+05:30,50.15,,8038425
2025-09-04 13:47:30.157968+05:30,50.15,,8038425
2025-09-04 13:47:30.678233+05:30,50.15,,8038425
2025-09-04 13:47:31.225503+05:30,50.25,,8038425
2025-09-04 13:47:31.443559+05:30,50.25,,8038425
2025-09-04 13:47:31.901513+05:30,50.05,,8038425
2025-09-04 13:47:32.168966+05:30,50.05,,8038425
2025-09-04 13:47:32.477572+05:30,50.05,,8038425
2025-09-04 13:47:33.220544+05:30,50.15,,8038425
2025-09-04 13:47:33.517080+05:30,49.8,,8038425
2025-09-04 13:47:34.173900+05:30,48.7,,8038425
2025-09-04 13:47:34.538620+05:30,48.85,,8038425
2025-09-04 13:47:35.157735+05:30,49.15,,8038425
2025-09-04 13:47:35.488756+05:30,49.15,,8038425
2025-09-04 13:47:35.723227+05:30,49.05,,8038425
2025-09-04 13:47:36.196025+05:30,49.05,,8038425
2025-09-04 13:47:36.479156+05:30,49.15,,8038425
2025-09-04 13:47:36.904662+05:30,49.1,,8038425
2025-09-04 13:47:37.245209+05:30,49.1,,8038425
2025-09-04 13:47:37.462488+05:30,49.0,,8038425
2025-09-04 13:47:38.236507+05:30,49.0,,8038425
2025-09-04 13:47:38.547377+05:30,49.0,,8038425
2025-09-04 13:47:39.206687+05:30,49.1,,8038425
2025-09-04 13:47:39.488526+05:30,49.2,,8038425
2025-09-04 13:47:40.158504+05:30,49.25,,8038425
2025-09-04 13:47:40.720631+05:30,49.25,,8038425
2025-09-04 13:47:41.191484+05:30,49.3,,8038425
2025-09-04 13:47:41.906283+05:30,49.05,,8038425
2025-09-04 13:47:42.221095+05:30,49.0,,8038425
2025-09-04 13:47:42.407723+05:30,49.05,,8038425
2025-09-04 13:47:43.257279+05:30,49.0,,8038425
2025-09-04 13:47:43.519125+05:30,49.0,,8038425
2025-09-04 13:47:44.251124+05:30,48.85,,8038425
2025-09-04 13:47:44.479588+05:30,48.75,,8038425
2025-09-04 13:47:45.165844+05:30,48.75,,8038425
2025-09-04 13:47:45.680644+05:30,48.7,,8038425
2025-09-04 13:47:46.209191+05:30,48.7,,8038425
2025-09-04 13:47:46.927726+05:30,48.8,,8038425
2025-09-04 13:47:47.157316+05:30,48.85,,8038425
2025-09-04 13:47:47.448846+05:30,48.95,,8038425
2025-09-04 13:47:48.153112+05:30,48.95,,8038425
2025-09-04 13:47:48.467183+05:30,48.95,,8038425
2025-09-04 13:47:49.261715+05:30,49.0,,8038425
2025-09-04 13:47:49.499910+05:30,49.1,,8038425
2025-09-04 13:47:50.224866+05:30,49.2,,8038425
2025-09-04 13:47:50.661663+05:30,49.2,,8038425
2025-09-04 13:47:51.151272+05:30,49.25,,8038425
2025-09-04 13:47:51.927645+05:30,49.1,,8038425
2025-09-04 13:47:52.240031+05:30,49.3,,8038425
2025-09-04 13:47:53.242828+05:30,49.1,,8038425
2025-09-04 13:47:53.455656+05:30,49.2,,8038425
2025-09-04 13:47:54.195475+05:30,49.05,,8038425
2025-09-04 13:47:54.407592+05:30,49.25,,8038425
2025-09-04 13:47:55.157743+05:30,49.35,,8038425
2025-09-04 13:47:55.490488+05:30,49.35,,8038425
2025-09-04 13:47:55.709602+05:30,49.5,,8038425
2025-09-04 13:47:56.216974+05:30,49.5,,8038425
2025-09-04 13:47:56.537690+05:30,49.3,,8038425
2025-09-04 13:47:56.922325+05:30,49.4,,8038425
2025-09-04 13:47:57.236748+05:30,49.45,,8038425
2025-09-04 13:47:58.260593+05:30,49.45,,8038425
2025-09-04 13:47:58.443626+05:30,49.5,,8038425
2025-09-04 13:47:59.269262+05:30,49.35,,8038425
2025-09-04 13:47:59.491423+05:30,49.35,,8038425
2025-09-04 13:48:00.194421+05:30,49.65,,8038425
2025-09-04 13:48:00.697928+05:30,49.55,,8038425
2025-09-04 13:48:01.158582+05:30,49.5,,8038425
2025-09-04 13:48:01.470920+05:30,49.6,,8038425
2025-09-04 13:48:01.917933+05:30,49.4,,8038425
2025-09-04 13:48:02.158050+05:30,49.7,,8038425
2025-09-04 13:48:03.169515+05:30,49.7,,8038425
2025-09-04 13:48:03.452378+05:30,49.35,,8038425
2025-09-04 13:48:04.172830+05:30,49.3,,8038425
2025-09-04 13:48:04.494696+05:30,49.4,,8038425
2025-09-04 13:48:05.189024+05:30,49.3,,8038425
2025-09-04 13:48:05.452169+05:30,49.4,,8038425
2025-09-04 13:48:05.710338+05:30,49.25,,8038425
2025-09-04 13:48:06.157952+05:30,49.25,,8038425
2025-09-04 13:48:06.480844+05:30,49.45,,8038425
2025-09-04 13:48:06.933175+05:30,49.4,,8038425
2025-09-04 13:48:07.218927+05:30,49.45,,8038425
2025-09-04 13:48:08.254155+05:30,49.45,,8038425
2025-09-04 13:48:08.488006+05:30,49.45,,8038425
2025-09-04 13:48:09.185293+05:30,49.35,,8038425
2025-09-04 13:48:09.454309+05:30,49.3,,8038425
2025-09-04 13:48:10.246941+05:30,49.2,,8038425
2025-09-04 13:48:10.672296+05:30,49.2,,8038425
2025-09-04 13:48:11.157573+05:30,49.4,,8038425
2025-09-04 13:48:11.423731+05:30,49.4,,8038425
2025-09-04 13:48:11.945474+05:30,49.3,,8038425
2025-09-04 13:48:12.180647+05:30,49.05,,8038425
2025-09-04 13:48:13.277385+05:30,49.05,,8038425
2025-09-04 13:48:13.504520+05:30,48.8,,8038425
2025-09-04 13:48:13.955571+05:30,48.95,,8038425
2025-09-04 13:48:14.178884+05:30,48.8,,8038425
2025-09-04 13:48:14.408015+05:30,48.95,,8038425
2025-09-04 13:48:15.211509+05:30,48.95,,8038425
2025-09-04 13:48:15.665769+05:30,48.85,,8038425
2025-09-04 13:48:16.236272+05:30,48.6,,8038425
2025-09-04 13:48:16.927315+05:30,48.6,,8038425
2025-09-04 13:48:17.234463+05:30,48.65,,8038425
2025-09-04 13:48:17.410436+05:30,48.7,,8038425
2025-09-04 13:48:18.230340+05:30,48.5,,8038425
2025-09-04 13:48:18.490578+05:30,48.55,,8038425
2025-09-04 13:48:18.927532+05:30,48.5,,8038425
2025-09-04 13:48:19.182741+05:30,48.4,,8038425
2025-09-04 13:48:20.183875+05:30,48.2,,8038425
2025-09-04 13:48:20.719599+05:30,48.2,,8038425
2025-09-04 13:48:21.188562+05:30,48.05,,8038425
2025-09-04 13:48:21.906370+05:30,48.05,,8038425
2025-09-04 13:48:22.155919+05:30,48.2,,8038425
2025-09-04 13:48:23.155706+05:30,48.25,,8038425
2025-09-04 13:48:23.497983+05:30,48.05,,8038425
2025-09-04 13:48:23.938807+05:30,47.9,,8038425
2025-09-04 13:48:24.197594+05:30,48.0,,8038425
2025-09-04 13:48:25.195733+05:30,47.8,,8038425
2025-09-04 13:48:25.478622+05:30,47.9,,8038425
2025-09-04 13:48:25.674176+05:30,48.1,,8038425
2025-09-04 13:48:26.227794+05:30,48.1,,8038425
2025-09-04 13:48:26.434723+05:30,48.15,,8038425
2025-09-04 13:48:26.940491+05:30,48.2,,8038425
2025-09-04 13:48:27.158009+05:30,48.2,,8038425
2025-09-04 13:48:28.156843+05:30,48.35,,8038425
2025-09-04 13:48:28.532222+05:30,48.25,,8038425
2025-09-04 13:48:28.905899+05:30,48.3,,8038425
2025-09-04 13:48:29.195675+05:30,48.3,,8038425
2025-09-04 13:48:30.225989+05:30,48.3,,8038425
2025-09-04 13:48:30.721937+05:30,48.35,,8038425
2025-09-04 13:48:31.232501+05:30,48.3,,8038425
2025-09-04 13:48:31.513762+05:30,48.25,,8038425
2025-09-04 13:48:31.917645+05:30,48.2,,8038425
2025-09-04 13:48:32.249353+05:30,48.2,,8038425
2025-09-04 13:48:32.460116+05:30,48.3,,8038425
2025-09-04 13:48:33.189921+05:30,48.2,,8038425
2025-09-04 13:48:33.520865+05:30,48.45,,8038425
2025-09-04 13:48:33.943996+05:30,48.4,,8038425
2025-09-04 13:48:34.194754+05:30,48.2,,8038425
2025-09-04 13:48:34.406017+05:30,48.0,,8038425
2025-09-04 13:48:35.157855+05:30,48.1,,8038425
2025-09-04 13:48:35.425539+05:30,48.2,,8038425
2025-09-04 13:48:35.747813+05:30,48.0,,8038425
2025-09-04 13:48:36.156439+05:30,48.05,,8038425
2025-09-04 13:48:36.939669+05:30,48.0,,8038425
2025-09-04 13:48:37.254111+05:30,48.0,,8038425
2025-09-04 13:48:38.217232+05:30,48.0,,8038425
2025-09-04 13:48:38.702713+05:30,47.65,,8038425
2025-09-04 13:48:38.958743+05:30,47.75,,8038425
2025-09-04 13:48:39.242162+05:30,47.6,,8038425
2025-09-04 13:48:39.705102+05:30,47.75,,8038425
2025-09-04 13:48:40.194144+05:30,47.95,,8038425
2025-09-04 13:48:40.412901+05:30,47.75,,8038425
2025-09-04 13:48:40.672088+05:30,47.9,,8038425
2025-09-04 13:48:41.156304+05:30,47.8,,8038425
2025-09-04 13:48:41.528592+05:30,47.7,,8038425
2025-09-04 13:48:41.917712+05:30,47.8,,8038425
2025-09-04 13:48:42.217411+05:30,47.7,,8038425
2025-09-04 13:48:43.186519+05:30,47.85,,8038425
2025-09-04 13:48:43.419488+05:30,47.75,,8038425
2025-09-04 13:48:43.922046+05:30,47.75,,8038425
2025-09-04 13:48:44.210186+05:30,47.85,,8038425
2025-09-04 13:48:44.433168+05:30,47.9,,8038425
2025-09-04 13:48:45.178730+05:30,48.0,,8038425
2025-09-04 13:48:45.733441+05:30,48.05,,8038425
2025-09-04 13:48:46.210291+05:30,47.85,,8038425
2025-09-04 13:48:46.462884+05:30,47.6,,8038425
2025-09-04 13:48:47.179110+05:30,47.45,,8038425
2025-09-04 13:48:47.502133+05:30,47.6,,8038425
2025-09-04 13:48:48.176283+05:30,47.55,,8038425
2025-09-04 13:48:48.462313+05:30,47.7,,8038425
2025-09-04 13:48:48.901862+05:30,47.65,,8038425
2025-09-04 13:48:49.246932+05:30,47.65,,8038425
2025-09-04 13:48:49.545600+05:30,47.35,,8038425
2025-09-04 13:48:50.156941+05:30,47.1,,8038425
2025-09-04 13:48:50.471148+05:30,47.1,,8038425
2025-09-04 13:48:50.655782+05:30,47.3,,8038425
2025-09-04 13:48:51.252666+05:30,47.25,,8038425
2025-09-04 13:48:51.418328+05:30,47.15,,8038425
2025-09-04 13:48:52.155576+05:30,47.25,,8038425
2025-09-04 13:48:52.492566+05:30,47.25,,8038425
2025-09-04 13:48:53.223093+05:30,47.3,,8038425
2025-09-04 13:48:53.428576+05:30,47.1,,8038425
2025-09-04 13:48:53.924336+05:30,47.25,,8038425
2025-09-04 13:48:54.196244+05:30,47.1,,8038425
2025-09-04 13:48:54.407123+05:30,47.2,,8038425
2025-09-04 13:48:54.910613+05:30,46.95,,8038425
2025-09-04 13:48:55.402670+05:30,46.85,,8038425
2025-09-04 13:48:55.697763+05:30,46.95,,8038425
2025-09-04 13:48:56.157516+05:30,47.1,,8038425
2025-09-04 13:48:56.535688+05:30,47.1,,8038425
2025-09-04 13:48:57.196600+05:30,47.1,,8038425
2025-09-04 13:48:57.440805+05:30,47.15,,8038425
2025-09-04 13:48:58.246585+05:30,47.2,,8038425
2025-09-04 13:48:58.742093+05:30,47.15,,8038425
2025-09-04 13:48:58.918307+05:30,47.25,,8038425
2025-09-04 13:48:59.156128+05:30,47.1,,8038425
2025-09-04 13:48:59.461172+05:30,47.2,,8038425
2025-09-04 13:49:00.228415+05:30,46.95,,8038425
2025-09-04 13:49:00.407101+05:30,46.95,,8038425
2025-09-04 13:49:00.662502+05:30,47.05,,8038425
2025-09-04 13:49:01.195427+05:30,47.2,,8038425
2025-09-04 13:49:01.428381+05:30,47.1,,8038425
2025-09-04 13:49:02.211800+05:30,47.15,,8038425
2025-09-04 13:49:02.568075+05:30,47.0,,8038425
2025-09-04 13:49:03.267011+05:30,47.15,,8038425
2025-09-04 13:49:03.467885+05:30,47.1,,8038425
2025-09-04 13:49:04.155942+05:30,47.2,,8038425
2025-09-04 13:49:04.423219+05:30,47.2,,8038425
2025-09-04 13:49:05.156840+05:30,47.15,,8038425
2025-09-04 13:49:05.472960+05:30,47.05,,8038425
2025-09-04 13:49:05.710840+05:30,47.05,,8038425
2025-09-04 13:49:06.231534+05:30,47.0,,8038425
2025-09-04 13:49:06.472755+05:30,46.85,,8038425
2025-09-04 13:49:07.251404+05:30,47.0,,8038425
2025-09-04 13:49:07.526143+05:30,47.1,,8038425
2025-09-04 13:49:08.288139+05:30,47.15,,8038425
2025-09-04 13:49:08.462367+05:30,47.1,,8038425
2025-09-04 13:49:08.732967+05:30,47.2,,8038425
2025-09-04 13:49:09.214374+05:30,47.15,,8038425
2025-09-04 13:49:09.445305+05:30,47.15,,8038425
2025-09-04 13:49:10.157504+05:30,47.0,,8038425
2025-09-04 13:49:10.453685+05:30,47.05,,8038425
2025-09-04 13:49:10.905653+05:30,46.75,,8038425
2025-09-04 13:49:11.179418+05:30,46.75,,8057700
2025-09-04 13:49:11.571686+05:30,46.85,,8057700
2025-09-04 13:49:12.165657+05:30,46.8,,8057700
2025-09-04 13:49:12.405495+05:30,46.85,,8057700
2025-09-04 13:49:13.201003+05:30,46.8,,8057700
2025-09-04 13:49:13.489197+05:30,46.8,,8057700
2025-09-04 13:49:13.735802+05:30,47.05,,8057700
2025-09-04 13:49:14.201226+05:30,47.05,,8057700
2025-09-04 13:49:14.426831+05:30,47.0,,8057700
2025-09-04 13:49:15.169726+05:30,46.8,,8057700
2025-09-04 13:49:15.905707+05:30,47.15,,8057700
2025-09-04 13:49:16.192816+05:30,47.55,,8057700
2025-09-04 13:49:16.523590+05:30,47.65,,8057700
2025-09-04 13:49:17.156905+05:30,47.8,,8057700
2025-09-04 13:49:17.493356+05:30,47.75,,8057700
2025-09-04 13:49:18.235149+05:30,47.8,,8057700
2025-09-04 13:49:18.478131+05:30,47.8,,8057700
2025-09-04 13:49:18.687288+05:30,47.8,,8057700
2025-09-04 13:49:19.189767+05:30,47.65,,8057700
2025-09-04 13:49:19.406894+05:30,47.65,,8057700
2025-09-04 13:49:20.184195+05:30,47.85,,8057700
2025-09-04 13:49:20.534044+05:30,47.8,,8057700
2025-09-04 13:49:21.252298+05:30,47.75,,8057700
2025-09-04 13:49:21.706738+05:30,47.65,,8057700
2025-09-04 13:49:22.172979+05:30,47.85,,8057700
2025-09-04 13:49:22.730419+05:30,48.0,,8057700
2025-09-04 13:49:23.245599+05:30,48.0,,8057700
2025-09-04 13:49:23.482101+05:30,48.1,,8057700
2025-09-04 13:49:23.681436+05:30,48.15,,8057700
2025-09-04 13:49:24.232127+05:30,48.0,,8057700
2025-09-04 13:49:24.468377+05:30,48.0,,8057700
2025-09-04 13:49:25.226240+05:30,47.75,,8057700
2025-09-04 13:49:25.434683+05:30,47.6,,8057700
2025-09-04 13:49:26.205715+05:30,47.55,,8057700
2025-09-04 13:49:26.443018+05:30,47.55,,8057700
2025-09-04 13:49:27.162623+05:30,47.6,,8057700
2025-09-04 13:49:27.541473+05:30,47.55,,8057700
2025-09-04 13:49:28.220769+05:30,47.6,,8057700
2025-09-04 13:49:28.513835+05:30,47.35,,8057700
2025-09-04 13:49:28.656894+05:30,47.35,,8057700
2025-09-04 13:49:29.247991+05:30,47.5,,8057700
2025-09-04 13:49:29.422771+05:30,47.35,,8057700
2025-09-04 13:49:30.206594+05:30,47.45,,8057700
2025-09-04 13:49:30.500838+05:30,47.45,,8057700
2025-09-04 13:49:30.717484+05:30,47.3,,8057700
2025-09-04 13:49:31.216961+05:30,47.5,,8057700
2025-09-04 13:49:31.490632+05:30,47.4,,8057700
2025-09-04 13:49:32.270916+05:30,47.3,,8057700
2025-09-04 13:49:32.464780+05:30,47.35,,8057700
2025-09-04 13:49:33.220589+05:30,47.2,,8057700
2025-09-04 13:49:33.694376+05:30,47.4,,8057700
2025-09-04 13:49:34.155678+05:30,47.3,,8057700
2025-09-04 13:49:34.459617+05:30,47.3,,8057700
2025-09-04 13:49:35.182861+05:30,47.45,,8057700
2025-09-04 13:49:35.425072+05:30,47.3,,8057700
2025-09-04 13:49:35.688123+05:30,47.2,,8057700
2025-09-04 13:49:36.175829+05:30,47.25,,8057700
2025-09-04 13:49:36.525809+05:30,47.3,,8057700
2025-09-04 13:49:37.245157+05:30,47.1,,8057700
2025-09-04 13:49:37.675792+05:30,47.15,,8057700
2025-09-04 13:49:38.215075+05:30,46.95,,8057700
2025-09-04 13:49:38.433706+05:30,47.05,,8057700
2025-09-04 13:49:38.666961+05:30,47.05,,8057700
2025-09-04 13:49:39.241434+05:30,47.2,,8057700
2025-09-04 13:49:39.715072+05:30,47.2,,8057700
2025-09-04 13:49:40.181506+05:30,47.2,,8057700
2025-09-04 13:49:40.471053+05:30,47.1,,8057700
2025-09-04 13:49:40.706273+05:30,47.15,,8057700
2025-09-04 13:49:41.187956+05:30,47.25,,8057700
2025-09-04 13:49:41.542859+05:30,47.3,,8057700
2025-09-04 13:49:42.156885+05:30,47.15,,8057700
2025-09-04 13:49:42.466176+05:30,47.3,,8057700
2025-09-04 13:49:43.201011+05:30,47.5,,8057700
2025-09-04 13:49:43.474031+05:30,47.5,,8057700
2025-09-04 13:49:43.718495+05:30,47.5,,8057700
2025-09-04 13:49:44.206531+05:30,47.25,,8057700
2025-09-04 13:49:44.406589+05:30,47.35,,8057700
2025-09-04 13:49:45.183828+05:30,47.35,,8057700
2025-09-04 13:49:45.652027+05:30,47.35,,8057700
2025-09-04 13:49:46.223250+05:30,47.6,,8057700
2025-09-04 13:49:46.406627+05:30,47.5,,8057700
2025-09-04 13:49:47.183691+05:30,47.55,,8057700
2025-09-04 13:49:47.444806+05:30,47.4,,8057700
2025-09-04 13:49:48.217119+05:30,47.55,,8057700
2025-09-04 13:49:48.411181+05:30,47.55,,8057700
2025-09-04 13:49:48.685795+05:30,47.55,,8057700
2025-09-04 13:49:49.212341+05:30,47.75,,8057700
2025-09-04 13:49:49.423712+05:30,47.65,,8057700
2025-09-04 13:49:50.174550+05:30,47.8,,8057700
2025-09-04 13:49:50.455136+05:30,47.8,,8057700
2025-09-04 13:49:50.668842+05:30,47.85,,8057700
2025-09-04 13:49:51.206485+05:30,47.8,,8057700
2025-09-04 13:49:51.434625+05:30,47.95,,8057700
2025-09-04 13:49:52.156751+05:30,47.9,,8057700
2025-09-04 13:49:52.406105+05:30,47.9,,8057700
2025-09-04 13:49:53.156290+05:30,47.75,,8057700
2025-09-04 13:49:53.655022+05:30,47.75,,8057700
2025-09-04 13:49:54.156401+05:30,47.85,,8057700
2025-09-04 13:49:54.523672+05:30,47.6,,8057700
2025-09-04 13:49:55.156873+05:30,47.75,,8057700
2025-09-04 13:49:55.557510+05:30,47.65,,8057700
2025-09-04 13:49:56.156404+05:30,47.7,,8057700
2025-09-04 13:49:56.559641+05:30,47.55,,8057700
2025-09-04 13:49:57.154953+05:30,47.65,,8057700
2025-09-04 13:49:57.471796+05:30,47.55,,8057700
2025-09-04 13:49:58.202699+05:30,47.65,,8057700
2025-09-04 13:49:58.479599+05:30,47.7,,8057700
2025-09-04 13:49:58.719558+05:30,47.7,,8057700
2025-09-04 13:49:59.156311+05:30,47.95,,8057700
2025-09-04 13:49:59.463134+05:30,47.85,,8057700
2025-09-04 13:50:00.156509+05:30,47.8,,8057700
2025-09-04 13:50:00.445065+05:30,47.75,,8057700
2025-09-04 13:50:01.163706+05:30,47.55,,8057700
2025-09-04 13:50:01.421748+05:30,47.7,,8057700
2025-09-04 13:50:02.224645+05:30,47.65,,8057700
2025-09-04 13:50:02.405270+05:30,47.9,,8057700
2025-09-04 13:50:03.178561+05:30,47.75,,8057700
2025-09-04 13:50:03.453073+05:30,47.7,,8057700
2025-09-04 13:50:03.730784+05:30,47.65,,8057700
2025-09-04 13:50:04.220183+05:30,47.8,,8057700
2025-09-04 13:50:04.406387+05:30,47.8,,8057700
2025-09-04 13:50:05.195005+05:30,47.6,,8057700
2025-09-04 13:50:05.466691+05:30,47.6,,8057700
2025-09-04 13:50:05.655164+05:30,47.65,,8057700
2025-09-04 13:50:06.155890+05:30,47.7,,8057700
2025-09-04 13:50:06.542433+05:30,47.8,,8057700
2025-09-04 13:50:07.194013+05:30,47.75,,8057700
2025-09-04 13:50:07.406884+05:30,47.75,,8057700
2025-09-04 13:50:08.227030+05:30,47.9,,8057700
2025-09-04 13:50:08.464720+05:30,47.9,,8057700
2025-09-04 13:50:08.708847+05:30,47.9,,8057700
2025-09-04 13:50:09.155093+05:30,48.0,,8057700
2025-09-04 13:50:09.688713+05:30,48.1,,8057700
2025-09-04 13:50:10.191387+05:30,48.0,,8057700
2025-09-04 13:50:10.401222+05:30,47.9,,8057700
2025-09-04 13:50:10.724894+05:30,48.0,,8057700
2025-09-04 13:50:11.209108+05:30,47.9,,8057700
2025-09-04 13:50:11.745962+05:30,48.05,,8057700
2025-09-04 13:50:12.205726+05:30,48.0,,8057700
2025-09-04 13:50:12.721852+05:30,47.9,,8057700
2025-09-04 13:50:13.155700+05:30,48.3,,8057700
2025-09-04 13:50:13.460623+05:30,48.3,,8057700
2025-09-04 13:50:13.683498+05:30,48.25,,8057700
2025-09-04 13:50:14.156376+05:30,48.15,,8057700
2025-09-04 13:50:14.496945+05:30,48.1,,8057700
2025-09-04 13:50:15.485780+05:30,48.25,,8057700
2025-09-04 13:50:15.710066+05:30,48.3,,8057700
2025-09-04 13:50:16.425041+05:30,48.5,,8057700
2025-09-04 13:50:17.251129+05:30,47.85,,8057700
2025-09-04 13:50:17.431711+05:30,47.7,,8057700
2025-09-04 13:50:18.214206+05:30,47.85,,8057700
2025-09-04 13:50:18.415204+05:30,47.85,,8057700
2025-09-04 13:50:18.709873+05:30,47.85,,8057700
2025-09-04 13:50:19.182934+05:30,47.4,,8057700
2025-09-04 13:50:19.746721+05:30,47.45,,8057700
2025-09-04 13:50:20.516608+05:30,47.25,,8057700
2025-09-04 13:50:20.697607+05:30,47.25,,8057700
2025-09-04 13:50:21.459921+05:30,47.3,,8057700
2025-09-04 13:50:22.183072+05:30,47.15,,8057700
2025-09-04 13:50:22.484338+05:30,47.15,,8057700
2025-09-04 13:50:22.746522+05:30,47.3,,8057700
2025-09-04 13:50:23.559655+05:30,47.3,,8057700
2025-09-04 13:50:23.654784+05:30,47.35,,8057700
2025-09-04 13:50:24.178413+05:30,47.25,,8057700
2025-09-04 13:50:24.480960+05:30,47.15,,8057700
2025-09-04 13:50:25.427957+05:30,46.65,,8057700
2025-09-04 13:50:25.755949+05:30,46.85,,8057700
2025-09-04 13:50:26.425133+05:30,46.3,,8057700
2025-09-04 13:50:26.675273+05:30,46.45,,8057700
2025-09-04 13:50:27.196254+05:30,46.45,,8057700
2025-09-04 13:50:27.737103+05:30,46.45,,8057700
2025-09-04 13:50:28.149746+05:30,46.3,,8057700
2025-09-04 13:50:28.535650+05:30,46.25,,8057700
2025-09-04 13:50:28.703369+05:30,46.55,,8057700
2025-09-04 13:50:29.155780+05:30,47.0,,8057700
2025-09-04 13:50:29.522082+05:30,46.9,,8057700
2025-09-04 13:50:30.245375+05:30,46.85,,8057700
2025-09-04 13:50:30.436684+05:30,46.75,,8057700
2025-09-04 13:50:30.703249+05:30,46.6,,8057700
2025-09-04 13:50:31.422091+05:30,46.65,,8057700
2025-09-04 13:50:32.156334+05:30,47.0,,8057700
2025-09-04 13:50:32.480072+05:30,46.8,,8057700
2025-09-04 13:50:33.457375+05:30,47.15,,8057700
2025-09-04 13:50:33.728177+05:30,47.15,,8057700
2025-09-04 13:50:34.172077+05:30,47.0,,8057700
2025-09-04 13:50:34.405748+05:30,47.1,,8057700
2025-09-04 13:50:35.189110+05:30,46.9,,8057700
2025-09-04 13:50:35.480695+05:30,46.95,,8057700
2025-09-04 13:50:35.712440+05:30,47.1,,8057700
2025-09-04 13:50:36.184641+05:30,47.0,,8057700
2025-09-04 13:50:36.679394+05:30,46.95,,8057700
2025-09-04 13:50:37.164040+05:30,46.95,,8057700
2025-09-04 13:50:37.495146+05:30,46.9,,8057700
2025-09-04 13:50:38.200514+05:30,46.9,,8057700
2025-09-04 13:50:38.680809+05:30,47.0,,8057700
2025-09-04 13:50:39.155738+05:30,47.1,,8057700
2025-09-04 13:50:39.477900+05:30,47.15,,8057700
2025-09-04 13:50:40.412005+05:30,47.45,,8057700
2025-09-04 13:50:40.694860+05:30,47.45,,8057700
2025-09-04 13:50:41.511000+05:30,47.5,,8057700
2025-09-04 13:50:42.244378+05:30,47.5,,8057700
2025-09-04 13:50:42.405831+05:30,47.6,,8057700
2025-09-04 13:50:43.479814+05:30,47.8,,8057700
2025-09-04 13:50:43.652108+05:30,47.75,,8057700
2025-09-04 13:50:44.212709+05:30,47.65,,8057700
2025-09-04 13:50:44.503188+05:30,47.8,,8057700
2025-09-04 13:50:45.443755+05:30,47.85,,8057700
2025-09-04 13:50:45.726799+05:30,48.0,,8057700
2025-09-04 13:50:46.216274+05:30,47.9,,8057700
2025-09-04 13:50:46.449379+05:30,47.8,,8057700
2025-09-04 13:50:47.212613+05:30,47.85,,8057700
2025-09-04 13:50:47.418967+05:30,47.75,,8057700
2025-09-04 13:50:48.204814+05:30,48.15,,8057700
2025-09-04 13:50:48.449766+05:30,48.1,,8057700
2025-09-04 13:50:48.734046+05:30,48.05,,8057700
2025-09-04 13:50:49.224286+05:30,48.0,,8057700
2025-09-04 13:50:49.454086+05:30,48.25,,8057700
2025-09-04 13:50:50.196929+05:30,48.05,,8057700
2025-09-04 13:50:50.423236+05:30,48.05,,8057700
2025-09-04 13:50:50.666634+05:30,48.05,,8057700
2025-09-04 13:50:51.241961+05:30,48.05,,8057700
2025-09-04 13:50:51.427310+05:30,48.15,,8057700
2025-09-04 13:50:51.945749+05:30,48.0,,8057700
2025-09-04 13:50:52.426937+05:30,48.15,,8057700
2025-09-04 13:50:53.530784+05:30,48.15,,8057700
2025-09-04 13:50:54.194354+05:30,48.2,,8057700
2025-09-04 13:50:54.488884+05:30,48.35,,8057700
2025-09-04 13:50:55.184325+05:30,48.15,,8057700
2025-09-04 13:50:55.488033+05:30,48.2,,8057700
2025-09-04 13:50:55.756204+05:30,48.15,,8057700
2025-09-04 13:50:56.405656+05:30,48.15,,8057700
2025-09-04 13:50:56.942018+05:30,48.25,,8057700
2025-09-04 13:50:57.432755+05:30,48.45,,8057700
2025-09-04 13:50:58.163764+05:30,48.35,,8057700
2025-09-04 13:50:58.451747+05:30,48.2,,8057700
2025-09-04 13:50:58.920851+05:30,48.35,,8057700
2025-09-04 13:50:59.177638+05:30,48.3,,8057700
2025-09-04 13:50:59.405989+05:30,48.25,,8057700
2025-09-04 13:51:00.521572+05:30,48.5,,8057700
2025-09-04 13:51:00.753198+05:30,48.5,,8057700
2025-09-04 13:51:01.441756+05:30,48.5,,8057700
2025-09-04 13:51:02.181952+05:30,48.65,,8057700
2025-09-04 13:51:02.428080+05:30,48.45,,8057700
2025-09-04 13:51:03.411649+05:30,48.55,,8057700
2025-09-04 13:51:03.940050+05:30,48.55,,8057700
2025-09-04 13:51:04.514558+05:30,48.7,,8057700
2025-09-04 13:51:05.478581+05:30,48.65,,8057700
2025-09-04 13:51:05.691299+05:30,48.55,,8057700
2025-09-04 13:51:06.156203+05:30,48.75,,8057700
2025-09-04 13:51:06.467681+05:30,48.75,,8057700
2025-09-04 13:51:07.155741+05:30,49.0,,8057700
2025-09-04 13:51:07.426623+05:30,48.9,,8057700
2025-09-04 13:51:08.177194+05:30,48.95,,8057700
2025-09-04 13:51:08.535781+05:30,49.05,,8057700
2025-09-04 13:51:08.975292+05:30,49.05,,8057700
2025-09-04 13:51:09.204983+05:30,49.05,,8057700
2025-09-04 13:51:09.409377+05:30,49.0,,8057700
2025-09-04 13:51:10.467272+05:30,49.0,,8057700
2025-09-04 13:51:10.712398+05:30,49.05,,8057700
2025-09-04 13:51:11.155810+05:30,49.05,,8057700
2025-09-04 13:51:11.515318+05:30,48.95,,8057700
2025-09-04 13:51:12.213856+05:30,49.25,,8057700
2025-09-04 13:51:12.432943+05:30,49.2,,8057700
2025-09-04 13:51:13.405827+05:30,48.7,,8057700
2025-09-04 13:51:13.991901+05:30,48.65,,8057700
2025-09-04 13:51:14.168044+05:30,48.8,,8057700
2025-09-04 13:51:14.437022+05:30,48.75,,8057700
2025-09-04 13:51:15.156418+05:30,48.65,,8057700
2025-09-04 13:51:15.730784+05:30,48.7,,8057700
2025-09-04 13:51:16.161556+05:30,48.8,,8057700
2025-09-04 13:51:16.465130+05:30,48.85,,8057700
2025-09-04 13:51:17.210783+05:30,48.95,,8057700
2025-09-04 13:51:17.448313+05:30,48.95,,8057700
2025-09-04 13:51:18.199204+05:30,48.95,,8057700
2025-09-04 13:51:18.448646+05:30,48.85,,8057700
2025-09-04 13:51:18.968477+05:30,48.85,,8057700
2025-09-04 13:51:19.194681+05:30,48.85,,8057700
2025-09-04 13:51:19.739751+05:30,48.8,,8057700
2025-09-04 13:51:20.186173+05:30,48.85,,8057700
2025-09-04 13:51:20.441757+05:30,48.95,,8057700
2025-09-04 13:51:21.155386+05:30,49.15,,8057700
2025-09-04 13:51:21.697369+05:30,49.0,,8057700
2025-09-04 13:51:21.919935+05:30,49.15,,8057700
2025-09-04 13:51:22.453278+05:30,49.2,,8057700
2025-09-04 13:51:23.458761+05:30,49.0,,8057700
2025-09-04 13:51:23.725947+05:30,49.0,,8057700
2025-09-04 13:51:24.167097+05:30,49.5,,8057700
2025-09-04 13:51:24.474419+05:30,49.5,,8057700
2025-09-04 13:51:25.422673+05:30,49.5,,8057700
2025-09-04 13:51:26.488956+05:30,49.4,,8057700
2025-09-04 13:51:26.741367+05:30,49.45,,8057700
2025-09-04 13:51:26.904189+05:30,49.5,,8057700
2025-09-04 13:51:27.405142+05:30,49.65,,8057700
2025-09-04 13:51:28.448941+05:30,49.65,,8057700
2025-09-04 13:51:29.171697+05:30,49.5,,8057700
2025-09-04 13:51:29.437221+05:30,49.55,,8057700
2025-09-04 13:51:30.187769+05:30,49.65,,8057700
2025-09-04 13:51:30.425765+05:30,49.4,,8057700
2025-09-04 13:51:30.709256+05:30,49.4,,8057700
2025-09-04 13:51:31.405335+05:30,49.45,,8057700
2025-09-04 13:51:31.926022+05:30,49.3,,8057700
2025-09-04 13:51:32.511337+05:30,49.4,,8057700
2025-09-04 13:51:33.173692+05:30,49.5,,8057700
2025-09-04 13:51:33.472200+05:30,49.65,,8057700
2025-09-04 13:51:34.181358+05:30,49.5,,8057700
2025-09-04 13:51:34.437510+05:30,49.4,,8057700
2025-09-04 13:51:35.426763+05:30,49.4,,8057700
2025-09-04 13:51:35.725168+05:30,49.4,,8057700
2025-09-04 13:51:36.172834+05:30,49.6,,8057700
2025-09-04 13:51:36.427065+05:30,49.65,,8057700
2025-09-04 13:51:36.904087+05:30,49.45,,8057700
2025-09-04 13:51:37.405888+05:30,49.3,,8057700
2025-09-04 13:51:38.480715+05:30,49.05,,8057700
2025-09-04 13:51:38.965861+05:30,49.0,,8057700
2025-09-04 13:51:39.246570+05:30,49.15,,8057700
2025-09-04 13:51:39.430341+05:30,49.15,,8057700
2025-09-04 13:51:40.154271+05:30,49.15,,8057700
2025-09-04 13:51:40.464298+05:30,49.0,,8057700
2025-09-04 13:51:40.755994+05:30,49.0,,8057700
2025-09-04 13:51:41.405039+05:30,49.15,,8057700
2025-09-04 13:51:41.925626+05:30,49.2,,8057700
2025-09-04 13:51:42.211532+05:30,49.25,,8057700
2025-09-04 13:51:42.418391+05:30,49.1,,8057700
2025-09-04 13:51:43.509369+05:30,49.35,,8057700
2025-09-04 13:51:43.904331+05:30,49.4,,8057700
2025-09-04 13:51:44.200798+05:30,49.6,,8057700
2025-09-04 13:51:44.464758+05:30,49.4,,8057700
2025-09-04 13:51:45.155861+05:30,49.45,,8057700
2025-09-04 13:51:45.695178+05:30,49.5,,8057700
2025-09-04 13:51:46.149165+05:30,49.15,,8057700
2025-09-04 13:51:46.543322+05:30,49.25,,8057700
2025-09-04 13:51:46.649101+05:30,49.25,,8057700
2025-09-04 13:51:47.199029+05:30,49.35,,8057700
2025-09-04 13:51:47.469869+05:30,49.35,,8057700
2025-09-04 13:51:48.405308+05:30,49.35,,8057700
2025-09-04 13:51:48.904064+05:30,49.35,,8057700
2025-09-04 13:51:49.197299+05:30,49.35,,8057700
2025-09-04 13:51:49.427783+05:30,49.2,,8057700
2025-09-04 13:51:50.186754+05:30,49.0,,8057700
2025-09-04 13:51:50.464759+05:30,49.15,,8057700
2025-09-04 13:51:50.738823+05:30,49.15,,8057700
2025-09-04 13:51:51.404947+05:30,49.25,,8057700
2025-09-04 13:51:51.692035+05:30,49.4,,8057700
2025-09-04 13:51:52.176783+05:30,49.35,,8057700
2025-09-04 13:51:52.472671+05:30,49.3,,8057700
2025-09-04 13:51:53.446012+05:30,49.45,,8057700
2025-09-04 13:51:53.705502+05:30,49.25,,8057700
2025-09-04 13:51:54.448339+05:30,49.8,,8057700
2025-09-04 13:51:54.903915+05:30,49.85,,8057700
2025-09-04 13:51:55.428425+05:30,49.8,,8057700
2025-09-04 13:51:55.685752+05:30,49.8,,8057700
2025-09-04 13:51:56.455611+05:30,49.5,,8057700
2025-09-04 13:51:57.204875+05:30,49.7,,8057700
2025-09-04 13:51:57.488773+05:30,49.7,,8057700
2025-09-04 13:51:58.491947+05:30,49.65,,8057700
2025-09-04 13:51:59.162068+05:30,49.7,,8057700
2025-09-04 13:51:59.441743+05:30,49.75,,8057700
2025-09-04 13:51:59.900749+05:30,49.65,,8057700
2025-09-04 13:52:00.186687+05:30,49.95,,8057700
2025-09-04 13:52:00.428075+05:30,49.95,,8057700
2025-09-04 13:52:01.169486+05:30,50.05,,8057700
2025-09-04 13:52:01.526857+05:30,50.2,,8057700
2025-09-04 13:52:02.187003+05:30,50.2,,8057700
2025-09-04 13:52:02.485197+05:30,50.25,,8057700
2025-09-04 13:52:03.155679+05:30,50.4,,8057700
2025-09-04 13:52:03.460406+05:30,50.3,,8057700
2025-09-04 13:52:04.429634+05:30,50.25,,8057700
2025-09-04 13:52:04.898995+05:30,50.45,,8057700
2025-09-04 13:52:05.155569+05:30,50.5,,8057700
2025-09-04 13:52:05.670395+05:30,50.75,,8057700
2025-09-04 13:52:06.405006+05:30,50.95,,8057700
2025-09-04 13:52:07.177197+05:30,50.95,,8057700
2025-09-04 13:52:07.399078+05:30,50.9,,8057700
2025-09-04 13:52:08.161271+05:30,51.1,,8057700
2025-09-04 13:52:08.707095+05:30,51.3,,8057700
2025-09-04 13:52:09.401288+05:30,51.55,,8057700
2025-09-04 13:52:09.746122+05:30,51.5,,8057700
2025-09-04 13:52:09.931260+05:30,51.4,,8057700
2025-09-04 13:52:10.464873+05:30,51.45,,8057700
2025-09-04 13:52:11.208430+05:30,51.4,,8057700
2025-09-04 13:52:11.400069+05:30,51.7,,8057700
2025-09-04 13:52:12.172408+05:30,51.55,,8179875
2025-09-04 13:52:12.421638+05:30,51.3,,8179875
2025-09-04 13:52:13.220485+05:30,51.3,,8179875
2025-09-04 13:52:13.404882+05:30,51.25,,8179875
2025-09-04 13:52:13.687190+05:30,51.15,,8179875
2025-09-04 13:52:14.502592+05:30,51.15,,8179875
2025-09-04 13:52:14.712238+05:30,51.1,,8179875
2025-09-04 13:52:14.942383+05:30,51.25,,8179875
2025-09-04 13:52:15.426923+05:30,51.05,,8179875
2025-09-04 13:52:16.499131+05:30,51.2,,8179875
2025-09-04 13:52:17.176906+05:30,50.85,,8179875
2025-09-04 13:52:17.468817+05:30,50.95,,8179875
2025-09-04 13:52:18.404999+05:30,51.2,,8179875
2025-09-04 13:52:18.718056+05:30,51.25,,8179875
2025-09-04 13:52:19.278600+05:30,50.95,,8179875
2025-09-04 13:52:19.425063+05:30,50.85,,8179875
2025-09-04 13:52:19.941729+05:30,50.75,,8179875
2025-09-04 13:52:20.154925+05:30,50.8,,8179875
2025-09-04 13:52:20.483438+05:30,50.95,,8179875
2025-09-04 13:52:21.504067+05:30,51.35,,8179875
2025-09-04 13:52:22.203525+05:30,51.3,,8179875
2025-09-04 13:52:22.420352+05:30,51.6,,8179875
2025-09-04 13:52:23.155748+05:30,52.15,,8179875
2025-09-04 13:52:23.436688+05:30,52.25,,8179875
2025-09-04 13:52:23.788373+05:30,52.25,,8179875
2025-09-04 13:52:24.455709+05:30,52.0,,8179875
2025-09-04 13:52:24.904719+05:30,51.9,,8179875
2025-09-04 13:52:25.176478+05:30,51.85,,8179875
2025-09-04 13:52:25.473744+05:30,51.9,,8179875
2025-09-04 13:52:26.446527+05:30,51.55,,8179875
2025-09-04 13:52:27.204259+05:30,51.45,,8179875
2025-09-04 13:52:27.471506+05:30,51.5,,8179875
2025-09-04 13:52:28.417822+05:30,51.75,,8179875
2025-09-04 13:52:28.737494+05:30,51.7,,8179875
2025-09-04 13:52:29.277958+05:30,51.6,,8179875
2025-09-04 13:52:29.461065+05:30,51.85,,8179875
2025-09-04 13:52:29.937875+05:30,51.95,,8179875
2025-09-04 13:52:30.154657+05:30,51.45,,8179875
2025-09-04 13:52:30.447875+05:30,51.45,,8179875
2025-09-04 13:52:31.155238+05:30,51.0,,8179875
2025-09-04 13:52:31.460412+05:30,51.05,,8179875
2025-09-04 13:52:32.203040+05:30,51.6,,8179875
2025-09-04 13:52:32.485235+05:30,51.65,,8179875
2025-09-04 13:52:33.458632+05:30,51.8,,8179875
2025-09-04 13:52:33.681914+05:30,51.75,,8179875
2025-09-04 13:52:34.167790+05:30,51.75,,8179875
2025-09-04 13:52:34.403531+05:30,51.75,,8179875
2025-09-04 13:52:34.936512+05:30,51.35,,8179875
2025-09-04 13:52:35.154821+05:30,51.4,,8179875
2025-09-04 13:52:35.468671+05:30,51.45,,8179875
2025-09-04 13:52:36.432152+05:30,51.4,,8179875
2025-09-04 13:52:37.155090+05:30,51.65,,8179875
2025-09-04 13:52:37.490477+05:30,51.45,,8179875
2025-09-04 13:52:38.191722+05:30,51.55,,8179875
2025-09-04 13:52:38.462689+05:30,51.65,,8179875
2025-09-04 13:52:38.734839+05:30,51.65,,8179875
2025-09-04 13:52:39.169792+05:30,51.5,,8179875
2025-09-04 13:52:39.472642+05:30,51.5,,8179875
2025-09-04 13:52:39.931327+05:30,51.55,,8179875
2025-09-04 13:52:40.508953+05:30,51.3,,8179875
2025-09-04 13:52:41.154789+05:30,51.1,,8179875
2025-09-04 13:52:41.517742+05:30,51.05,,8179875
2025-09-04 13:52:42.176414+05:30,51.15,,8179875
2025-09-04 13:52:42.501069+05:30,51.15,,8179875
2025-09-04 13:52:43.148260+05:30,51.05,,8179875
2025-09-04 13:52:43.676144+05:30,51.15,,8179875
2025-09-04 13:52:44.436702+05:30,51.25,,8179875
2025-09-04 13:52:44.953857+05:30,51.1,,8179875
2025-09-04 13:52:45.489052+05:30,51.15,,8179875
2025-09-04 13:52:46.154761+05:30,51.15,,8179875
2025-09-04 13:52:46.485596+05:30,51.0,,8179875
2025-09-04 13:52:47.224514+05:30,50.35,,8179875
2025-09-04 13:52:47.522910+05:30,50.4,,8179875
2025-09-04 13:52:48.192882+05:30,50.5,,8179875
2025-09-04 13:52:48.485202+05:30,50.55,,8179875
2025-09-04 13:52:48.665154+05:30,50.4,,8179875
2025-09-04 13:52:49.161273+05:30,50.75,,8179875
2025-09-04 13:52:49.431714+05:30,50.75,,8179875
2025-09-04 13:52:49.910596+05:30,50.8,,8179875
2025-09-04 13:52:50.148985+05:30,50.65,,8179875
2025-09-04 13:52:50.437698+05:30,50.75,,8179875
2025-09-04 13:52:51.208343+05:30,50.35,,8179875
2025-09-04 13:52:51.416498+05:30,50.35,,8179875
2025-09-04 13:52:52.224789+05:30,50.2,,8179875
2025-09-04 13:52:52.501962+05:30,50.25,,8179875
2025-09-04 13:52:53.187382+05:30,50.05,,8179875
2025-09-04 13:52:53.423709+05:30,50.0,,8179875
2025-09-04 13:52:53.742851+05:30,49.9,,8179875
2025-09-04 13:52:54.203420+05:30,49.95,,8179875
2025-09-04 13:52:54.669666+05:30,50.0,,8179875
2025-09-04 13:52:54.939228+05:30,50.1,,8179875
2025-09-04 13:52:55.455665+05:30,50.05,,8179875
2025-09-04 13:52:56.155582+05:30,49.85,,8179875
2025-09-04 13:52:56.520311+05:30,49.85,,8179875
2025-09-04 13:52:56.949967+05:30,49.7,,8179875
2025-09-04 13:52:57.491866+05:30,49.4,,8179875
2025-09-04 13:52:57.656617+05:30,49.2,,8179875
2025-09-04 13:52:58.171343+05:30,49.35,,8179875
2025-09-04 13:52:58.412045+05:30,49.65,,8179875
2025-09-04 13:52:58.745539+05:30,49.6,,8179875
2025-09-04 13:52:59.213257+05:30,49.6,,8179875
2025-09-04 13:52:59.515682+05:30,49.5,,8179875
2025-09-04 13:52:59.935677+05:30,49.5,,8179875
2025-09-04 13:53:00.166308+05:30,49.7,,8179875
2025-09-04 13:53:00.485324+05:30,49.75,,8179875
2025-09-04 13:53:00.750099+05:30,49.75,,8179875
2025-09-04 13:53:01.448667+05:30,49.8,,8179875
2025-09-04 13:53:01.961195+05:30,49.85,,8179875
2025-09-04 13:53:02.200004+05:30,49.7,,8179875
2025-09-04 13:53:02.740112+05:30,49.9,,8179875
2025-09-04 13:53:03.153323+05:30,49.7,,8179875
2025-09-04 13:53:03.417848+05:30,49.45,,8179875
2025-09-04 13:53:03.718127+05:30,49.6,,8179875
2025-09-04 13:53:04.221623+05:30,49.4,,8179875
2025-09-04 13:53:04.441718+05:30,49.3,,8179875
2025-09-04 13:53:04.942314+05:30,49.3,,8179875
2025-09-04 13:53:05.426000+05:30,49.35,,8179875
2025-09-04 13:53:06.413638+05:30,49.8,,8179875
2025-09-04 13:53:06.945073+05:30,49.65,,8179875
2025-09-04 13:53:07.527647+05:30,49.7,,8179875
2025-09-04 13:53:08.154759+05:30,49.7,,8179875
2025-09-04 13:53:08.684832+05:30,49.9,,8179875
2025-09-04 13:53:09.436627+05:30,49.8,,8179875
2025-09-04 13:53:09.921482+05:30,49.65,,8179875
2025-09-04 13:53:10.476579+05:30,49.5,,8179875
2025-09-04 13:53:11.513419+05:30,49.45,,8179875
2025-09-04 13:53:11.938797+05:30,49.35,,8179875
2025-09-04 13:53:12.250874+05:30,49.35,,8179875
2025-09-04 13:53:12.473764+05:30,49.35,,8179875
2025-09-04 13:53:13.450765+05:30,49.4,,8179875
2025-09-04 13:53:13.737287+05:30,49.6,,8179875
2025-09-04 13:53:14.512063+05:30,50.05,,8179875
2025-09-04 13:53:15.175923+05:30,50.0,,8179875
2025-09-04 13:53:15.423586+05:30,50.2,,8179875
2025-09-04 13:53:16.426980+05:30,50.3,,8179875
2025-09-04 13:53:16.956194+05:30,50.35,,8179875
2025-09-04 13:53:17.446002+05:30,50.3,,8179875
2025-09-04 13:53:18.454398+05:30,50.3,,8179875
2025-09-04 13:53:18.707030+05:30,50.3,,8179875
2025-09-04 13:53:19.217123+05:30,50.25,,8179875
2025-09-04 13:53:19.466301+05:30,50.35,,8179875
2025-09-04 13:53:19.935866+05:30,50.35,,8179875
2025-09-04 13:53:20.421050+05:30,50.5,,8179875
2025-09-04 13:53:21.154304+05:30,50.45,,8179875
2025-09-04 13:53:21.476042+05:30,50.7,,8179875
2025-09-04 13:53:22.198695+05:30,50.55,,8179875
2025-09-04 13:53:22.499294+05:30,50.55,,8179875
2025-09-04 13:53:22.775071+05:30,50.65,,8179875
2025-09-04 13:53:23.154342+05:30,50.75,,8179875
2025-09-04 13:53:23.406566+05:30,50.85,,8179875
2025-09-04 13:53:23.933733+05:30,50.8,,8179875
2025-09-04 13:53:24.210460+05:30,50.85,,8179875
2025-09-04 13:53:24.460065+05:30,50.9,,8179875
2025-09-04 13:53:24.937777+05:30,50.9,,8179875
2025-09-04 13:53:25.176231+05:30,51.1,,8179875
2025-09-04 13:53:25.478272+05:30,51.1,,8179875
2025-09-04 13:53:26.420607+05:30,51.15,,8179875
2025-09-04 13:53:27.220476+05:30,51.15,,8179875
2025-09-04 13:53:27.446483+05:30,51.15,,8179875
2025-09-04 13:53:28.419417+05:30,51.35,,8179875
2025-09-04 13:53:28.928681+05:30,51.25,,8179875
2025-09-04 13:53:29.416244+05:30,51.0,,8179875
2025-09-04 13:53:29.909058+05:30,51.15,,8179875
2025-09-04 13:53:30.472429+05:30,51.3,,8179875
2025-09-04 13:53:30.749922+05:30,51.3,,8179875
2025-09-04 13:53:31.153487+05:30,51.05,,8179875
2025-09-04 13:53:31.483333+05:30,51.05,,8179875
2025-09-04 13:53:31.757536+05:30,51.05,,8179875
2025-09-04 13:53:32.187285+05:30,51.1,,8179875
2025-09-04 13:53:32.419424+05:30,50.95,,8179875
2025-09-04 13:53:33.425346+05:30,50.75,,8179875
2025-09-04 13:53:34.176372+05:30,50.75,,8179875
2025-09-04 13:53:34.483805+05:30,50.65,,8179875
2025-09-04 13:53:34.952069+05:30,50.3,,8179875
2025-09-04 13:53:35.482681+05:30,50.5,,8179875
2025-09-04 13:53:36.176653+05:30,50.5,,8179875
2025-09-04 13:53:36.448416+05:30,50.55,,8179875
2025-09-04 13:53:36.692709+05:30,50.55,,8179875
2025-09-04 13:53:37.160154+05:30,50.35,,8179875
2025-09-04 13:53:37.469536+05:30,50.35,,8179875
2025-09-04 13:53:38.158148+05:30,50.75,,8179875
2025-09-04 13:53:38.447442+05:30,50.7,,8179875
2025-09-04 13:53:39.147977+05:30,50.65,,8179875
2025-09-04 13:53:39.404230+05:30,50.6,,8179875
2025-09-04 13:53:39.953396+05:30,50.7,,8179875
2025-09-04 13:53:40.464352+05:30,50.5,,8179875
2025-09-04 13:53:41.403828+05:30,50.3,,8179875
2025-09-04 13:53:42.154209+05:30,50.4,,8179875
2025-09-04 13:53:42.412017+05:30,50.25,,8179875
2025-09-04 13:53:43.201581+05:30,50.5,,8179875
2025-09-04 13:53:43.464781+05:30,50.5,,8179875
2025-09-04 13:53:44.154360+05:30,50.5,,8179875
2025-09-04 13:53:44.464988+05:30,50.35,,8179875
2025-09-04 13:53:44.913956+05:30,50.25,,8179875
2025-09-04 13:53:45.169918+05:30,50.1,,8179875
2025-09-04 13:53:45.466253+05:30,50.2,,8179875
2025-09-04 13:53:46.435370+05:30,50.45,,8179875
2025-09-04 13:53:47.175822+05:30,50.3,,8179875
2025-09-04 13:53:47.398175+05:30,50.3,,8179875
2025-09-04 13:53:48.479646+05:30,50.0,,8179875
2025-09-04 13:53:49.246246+05:30,49.9,,8179875
2025-09-04 13:53:49.467296+05:30,50.1,,8179875
2025-09-04 13:53:49.951963+05:30,49.95,,8179875
2025-09-04 13:53:50.471130+05:30,49.9,,8179875
2025-09-04 13:53:51.460321+05:30,50.0,,8179875
2025-09-04 13:53:52.220551+05:30,50.05,,8179875
2025-09-04 13:53:52.479509+05:30,49.95,,8179875
2025-09-04 13:53:53.252435+05:30,50.1,,8179875
2025-09-04 13:53:53.441952+05:30,50.15,,8179875
2025-09-04 13:53:53.669746+05:30,50.15,,8179875
2025-09-04 13:53:54.154092+05:30,50.25,,8179875
2025-09-04 13:53:54.404075+05:30,50.4,,8179875
2025-09-04 13:53:54.962169+05:30,50.5,,8179875
2025-09-04 13:53:55.472074+05:30,50.4,,8179875
2025-09-04 13:53:56.153039+05:30,50.45,,8179875
2025-09-04 13:53:56.496598+05:30,50.5,,8179875
2025-09-04 13:53:57.254564+05:30,50.45,,8179875
2025-09-04 13:53:57.461469+05:30,50.35,,8179875
2025-09-04 13:53:58.154752+05:30,50.5,,8179875
2025-09-04 13:53:58.403931+05:30,50.65,,8179875
2025-09-04 13:53:58.760658+05:30,50.65,,8179875
2025-09-04 13:53:59.398856+05:30,50.7,,8179875
2025-09-04 13:53:59.900982+05:30,50.55,,8179875
2025-09-04 13:54:00.420309+05:30,50.7,,8179875
2025-09-04 13:54:00.701423+05:30,50.7,,8179875
2025-09-04 13:54:01.404586+05:30,50.7,,8179875
2025-09-04 13:54:01.649051+05:30,50.65,,8179875
2025-09-04 13:54:02.153833+05:30,50.7,,8179875
2025-09-04 13:54:02.428215+05:30,50.4,,8179875
2025-09-04 13:54:03.208246+05:30,50.5,,8179875
2025-09-04 13:54:03.397896+05:30,50.6,,8179875
2025-09-04 13:54:03.734590+05:30,50.6,,8179875
2025-09-04 13:54:04.484351+05:30,50.85,,8179875
2025-09-04 13:54:04.939599+05:30,50.7,,8179875
2025-09-04 13:54:05.156861+05:30,50.85,,8179875
2025-09-04 13:54:05.424171+05:30,50.9,,8179875
2025-09-04 13:54:06.403758+05:30,50.85,,8179875
2025-09-04 13:54:07.171393+05:30,50.95,,8179875
2025-09-04 13:54:07.488427+05:30,50.85,,8179875
2025-09-04 13:54:08.152766+05:30,50.95,,8179875
2025-09-04 13:54:08.445968+05:30,50.7,,8179875
2025-09-04 13:54:08.654934+05:30,50.65,,8179875
2025-09-04 13:54:09.414313+05:30,50.95,,8179875
2025-09-04 13:54:09.936745+05:30,50.8,,8179875
2025-09-04 13:54:10.462402+05:30,50.7,,8179875
2025-09-04 13:54:11.425992+05:30,50.65,,8179875
2025-09-04 13:54:12.196780+05:30,50.85,,8179875
2025-09-04 13:54:12.435070+05:30,50.85,,8179875
2025-09-04 13:54:13.169774+05:30,50.9,,8179875
2025-09-04 13:54:13.427433+05:30,50.8,,8179875
2025-09-04 13:54:13.749738+05:30,50.8,,8179875
2025-09-04 13:54:14.397440+05:30,50.8,,8179875
2025-09-04 13:54:14.704718+05:30,50.85,,8179875
2025-09-04 13:54:14.943010+05:30,50.8,,8179875
2025-09-04 13:54:15.475440+05:30,50.9,,8179875
2025-09-04 13:54:16.403664+05:30,50.9,,8179875
2025-09-04 13:54:17.170473+05:30,51.2,,8179875
2025-09-04 13:54:17.778967+05:30,51.15,,8179875
2025-09-04 13:54:18.153393+05:30,51.05,,8179875
2025-09-04 13:54:18.441065+05:30,51.0,,8179875
2025-09-04 13:54:18.751129+05:30,51.0,,8179875
2025-09-04 13:54:19.428269+05:30,51.05,,8179875
2025-09-04 13:54:19.924002+05:30,51.2,,8179875
2025-09-04 13:54:20.454946+05:30,51.1,,8179875
2025-09-04 13:54:20.768250+05:30,51.15,,8179875
2025-09-04 13:54:21.469261+05:30,50.75,,8179875
2025-09-04 13:54:22.171505+05:30,50.9,,8179875
2025-09-04 13:54:22.485559+05:30,50.85,,8179875
2025-09-04 13:54:22.685838+05:30,51.05,,8179875
2025-09-04 13:54:23.197624+05:30,51.0,,8179875
2025-09-04 13:54:23.753929+05:30,51.0,,8179875
2025-09-04 13:54:24.168964+05:30,50.95,,8179875
2025-09-04 13:54:24.648022+05:30,50.95,,8179875
2025-09-04 13:54:24.929580+05:30,50.95,,8179875
2025-09-04 13:54:25.489218+05:30,51.2,,8179875
2025-09-04 13:54:26.229478+05:30,51.0,,8179875
2025-09-04 13:54:26.406334+05:30,51.05,,8179875
2025-09-04 13:54:27.229616+05:30,51.15,,8179875
2025-09-04 13:54:27.665805+05:30,51.15,,8179875
2025-09-04 13:54:28.184710+05:30,51.0,,8179875
2025-09-04 13:54:28.459293+05:30,51.05,,8179875
2025-09-04 13:54:28.730903+05:30,51.05,,8179875
2025-09-04 13:54:29.188175+05:30,51.15,,8179875
2025-09-04 13:54:29.743022+05:30,50.95,,8179875
2025-09-04 13:54:29.920586+05:30,51.3,,8179875
2025-09-04 13:54:30.165194+05:30,51.15,,8179875
2025-09-04 13:54:30.419009+05:30,51.05,,8179875
2025-09-04 13:54:31.249546+05:30,51.0,,8179875
2025-09-04 13:54:31.481678+05:30,51.0,,8179875
2025-09-04 13:54:32.201929+05:30,50.9,,8179875
2025-09-04 13:54:32.496112+05:30,51.05,,8179875
2025-09-04 13:54:32.692182+05:30,51.0,,8179875
2025-09-04 13:54:33.198640+05:30,51.3,,8179875
2025-09-04 13:54:33.659810+05:30,51.1,,8179875
2025-09-04 13:54:34.210075+05:30,51.25,,8179875
2025-09-04 13:54:34.684300+05:30,51.1,,8179875
2025-09-04 13:54:34.920316+05:30,51.0,,8179875
2025-09-04 13:54:35.201244+05:30,51.05,,8179875
2025-09-04 13:54:35.750886+05:30,51.15,,8179875
2025-09-04 13:54:36.196296+05:30,50.85,,8179875
2025-09-04 13:54:36.489546+05:30,50.2,,8179875
2025-09-04 13:54:36.806732+05:30,50.3,,8179875
2025-09-04 13:54:37.154020+05:30,50.45,,8179875
2025-09-04 13:54:37.720234+05:30,50.45,,8179875
2025-09-04 13:54:38.153832+05:30,50.55,,8179875
2025-09-04 13:54:38.678988+05:30,50.45,,8179875
2025-09-04 13:54:39.208816+05:30,50.35,,8179875
2025-09-04 13:54:39.768397+05:30,50.35,,8179875
2025-09-04 13:54:39.951735+05:30,50.45,,8179875
2025-09-04 13:54:40.153654+05:30,50.35,,8179875
2025-09-04 13:54:40.740574+05:30,50.2,,8179875
2025-09-04 13:54:41.504180+05:30,50.0,,8179875
2025-09-04 13:54:41.714258+05:30,50.0,,8179875
2025-09-04 13:54:42.160087+05:30,49.9,,8179875
2025-09-04 13:54:42.713569+05:30,49.9,,8179875
2025-09-04 13:54:43.181047+05:30,49.8,,8179875
2025-09-04 13:54:43.796916+05:30,49.8,,8179875
2025-09-04 13:54:44.216893+05:30,49.55,,8179875
2025-09-04 13:54:44.720837+05:30,49.55,,8179875
2025-09-04 13:54:44.936541+05:30,49.45,,8179875
2025-09-04 13:54:45.487592+05:30,49.35,,8179875
2025-09-04 13:54:45.742947+05:30,49.3,,8179875
2025-09-04 13:54:46.406610+05:30,48.95,,8179875
2025-09-04 13:54:46.951788+05:30,49.1,,8179875
2025-09-04 13:54:47.221438+05:30,48.95,,8179875
2025-09-04 13:54:47.739678+05:30,48.95,,8179875
2025-09-04 13:54:48.153655+05:30,49.1,,8179875
2025-09-04 13:54:48.420440+05:30,49.0,,8179875
2025-09-04 13:54:48.724691+05:30,48.75,,8179875
2025-09-04 13:54:49.474174+05:30,48.75,,8179875
2025-09-04 13:54:49.716932+05:30,48.85,,8179875
2025-09-04 13:54:49.941385+05:30,48.7,,8179875
2025-09-04 13:54:50.540293+05:30,48.4,,8179875
2025-09-04 13:54:50.783186+05:30,48.55,,8179875
2025-09-04 13:54:51.161494+05:30,48.65,,8179875
2025-09-04 13:54:51.482018+05:30,48.65,,8179875
2025-09-04 13:54:51.668695+05:30,48.55,,8179875
2025-09-04 13:54:52.218752+05:30,48.55,,8179875
2025-09-04 13:54:52.420993+05:30,48.55,,8179875
2025-09-04 13:54:52.657611+05:30,48.7,,8179875
2025-09-04 13:54:53.153495+05:30,48.65,,8179875
2025-09-04 13:54:53.403144+05:30,48.8,,8179875
2025-09-04 13:54:53.757733+05:30,49.0,,8179875
2025-09-04 13:54:54.466076+05:30,48.95,,8179875
2025-09-04 13:54:54.751198+05:30,48.8,,8179875
2025-09-04 13:54:55.439644+05:30,48.9,,8179875
2025-09-04 13:54:55.659080+05:30,48.95,,8179875
2025-09-04 13:54:56.468556+05:30,49.05,,8179875
2025-09-04 13:54:56.984644+05:30,49.2,,8179875
2025-09-04 13:54:57.235060+05:30,49.25,,8179875
2025-09-04 13:54:57.747303+05:30,49.15,,8179875
2025-09-04 13:54:58.152146+05:30,49.25,,8179875
2025-09-04 13:54:58.474402+05:30,49.4,,8179875
2025-09-04 13:54:58.696744+05:30,49.4,,8179875
2025-09-04 13:54:59.493244+05:30,49.1,,8179875
2025-09-04 13:54:59.652366+05:30,49.2,,8179875
2025-09-04 13:55:00.431622+05:30,49.1,,8179875
2025-09-04 13:55:00.684812+05:30,49.0,,8179875
2025-09-04 13:55:01.424174+05:30,49.15,,8179875
2025-09-04 13:55:01.735028+05:30,49.1,,8179875
2025-09-04 13:55:02.000283+05:30,49.0,,8179875
2025-09-04 13:55:02.212617+05:30,49.15,,8179875
2025-09-04 13:55:02.665179+05:30,49.05,,8179875
2025-09-04 13:55:03.153664+05:30,49.2,,8179875
2025-09-04 13:55:03.456829+05:30,48.95,,8179875
2025-09-04 13:55:04.423389+05:30,48.65,,8179875
2025-09-04 13:55:04.752037+05:30,48.4,,8179875
2025-09-04 13:55:05.186978+05:30,48.4,,8179875
2025-09-04 13:55:05.732838+05:30,48.3,,8179875
2025-09-04 13:55:06.153268+05:30,48.35,,8179875
2025-09-04 13:55:06.409744+05:30,48.25,,8179875
2025-09-04 13:55:06.984423+05:30,48.55,,8179875
2025-09-04 13:55:07.403523+05:30,48.5,,8179875
2025-09-04 13:55:07.649137+05:30,48.35,,8179875
2025-09-04 13:55:08.153615+05:30,48.45,,8179875
2025-09-04 13:55:08.443197+05:30,48.6,,8179875
2025-09-04 13:55:09.398294+05:30,48.5,,8179875
2025-09-04 13:55:09.727755+05:30,48.6,,8179875
2025-09-04 13:55:10.403581+05:30,48.75,,8179875
2025-09-04 13:55:10.767970+05:30,48.9,,8179875
2025-09-04 13:55:11.152038+05:30,48.75,,8179875
2025-09-04 13:55:11.799535+05:30,48.7,,8179875
2025-09-04 13:55:11.979203+05:30,48.85,,8179875
2025-09-04 13:55:12.153728+05:30,48.8,,8362950
2025-09-04 13:55:12.750211+05:30,49.0,,8362950
2025-09-04 13:55:12.923775+05:30,49.05,,8362950
2025-09-04 13:55:13.509274+05:30,49.15,,8362950
2025-09-04 13:55:14.444920+05:30,49.0,,8362950
2025-09-04 13:55:14.719341+05:30,49.0,,8362950
2025-09-04 13:55:15.213318+05:30,49.1,,8362950
2025-09-04 13:55:15.694260+05:30,49.1,,8362950
2025-09-04 13:55:16.457856+05:30,49.15,,8362950
2025-09-04 13:55:16.741236+05:30,49.25,,8362950
2025-09-04 13:55:16.964630+05:30,49.0,,8362950
2025-09-04 13:55:17.160787+05:30,49.15,,8362950
2025-09-04 13:55:17.652265+05:30,48.95,,8362950
2025-09-04 13:55:17.901943+05:30,49.1,,8362950
2025-09-04 13:55:18.152955+05:30,49.0,,8362950
2025-09-04 13:55:18.473985+05:30,49.05,,8362950
2025-09-04 13:55:19.421907+05:30,48.9,,8362950
2025-09-04 13:55:19.756104+05:30,48.95,,8362950
2025-09-04 13:55:20.245841+05:30,48.8,,8362950
2025-09-04 13:55:20.761630+05:30,48.75,,8362950
2025-09-04 13:55:21.419348+05:30,49.0,,8362950
2025-09-04 13:55:21.685625+05:30,48.95,,8362950
2025-09-04 13:55:21.976102+05:30,48.95,,8362950
2025-09-04 13:55:22.153209+05:30,49.0,,8362950
2025-09-04 13:55:22.757778+05:30,49.1,,8362950
2025-09-04 13:55:23.192342+05:30,49.05,,8362950
2025-09-04 13:55:23.490784+05:30,49.05,,8362950
2025-09-04 13:55:23.646838+05:30,49.05,,8362950
2025-09-04 13:55:24.153679+05:30,49.15,,8362950
2025-09-04 13:55:24.742035+05:30,49.05,,8362950
2025-09-04 13:55:25.468217+05:30,49.15,,8362950
2025-09-04 13:55:25.719979+05:30,48.95,,8362950
2025-09-04 13:55:26.490671+05:30,49.0,,8362950
2025-09-04 13:55:26.684424+05:30,49.0,,8362950
2025-09-04 13:55:27.436643+05:30,49.05,,8362950
2025-09-04 13:55:27.762584+05:30,49.0,,8362950
2025-09-04 13:55:28.190480+05:30,49.1,,8362950
2025-09-04 13:55:28.700014+05:30,49.0,,8362950
2025-09-04 13:55:29.459042+05:30,49.1,,8362950
2025-09-04 13:55:29.678636+05:30,49.1,,8362950
2025-09-04 13:55:30.418394+05:30,49.15,,8362950
2025-09-04 13:55:30.922153+05:30,49.1,,8362950
2025-09-04 13:55:32.458280+05:30,49.2,,8362950
2025-09-04 13:55:33.439203+05:30,49.35,,8362950
2025-09-04 13:55:33.896636+05:30,49.35,,8362950
2025-09-04 13:55:35.670018+05:30,49.7,,8362950
2025-09-04 13:55:36.516849+05:30,50.1,,8362950
2025-09-04 13:55:36.671491+05:30,50.0,,8362950
2025-09-04 13:55:37.402866+05:30,50.0,,8362950
2025-09-04 13:55:37.710485+05:30,49.9,,8362950
2025-09-04 13:55:38.196074+05:30,49.95,,8362950
2025-09-04 13:55:38.732461+05:30,49.85,,8362950
2025-09-04 13:55:39.469251+05:30,49.85,,8362950
2025-09-04 13:55:39.651817+05:30,49.75,,8362950
2025-09-04 13:55:40.496432+05:30,49.85,,8362950
2025-09-04 13:55:40.701764+05:30,50.2,,8362950
2025-09-04 13:55:41.469195+05:30,50.2,,8362950
2025-09-04 13:55:41.652881+05:30,50.2,,8362950
2025-09-04 13:55:42.185282+05:30,50.0,,8362950
2025-09-04 13:55:42.720197+05:30,49.9,,8362950
2025-09-04 13:55:43.152646+05:30,49.8,,8362950
2025-09-04 13:55:43.402996+05:30,49.8,,8362950
2025-09-04 13:55:43.651851+05:30,50.0,,8362950
2025-09-04 13:55:44.651691+05:30,50.1,,8362950
2025-09-04 13:55:45.462764+05:30,49.85,,8362950
2025-09-04 13:55:45.729307+05:30,49.8,,8362950
2025-09-04 13:55:46.495874+05:30,49.9,,8362950
2025-09-04 13:55:46.693256+05:30,49.85,,8362950
2025-09-04 13:55:46.928181+05:30,49.85,,8362950
2025-09-04 13:55:47.729918+05:30,49.45,,8362950
2025-09-04 13:55:48.152656+05:30,49.65,,8362950
2025-09-04 13:55:48.424364+05:30,49.65,,8362950
2025-09-04 13:55:48.651843+05:30,49.35,,8362950
2025-09-04 13:55:49.477915+05:30,49.5,,8362950
2025-09-04 13:55:49.743506+05:30,49.45,,8362950
2025-09-04 13:55:50.148850+05:30,49.45,,8362950
2025-09-04 13:55:50.745960+05:30,49.45,,8362950
2025-09-04 13:55:51.419620+05:30,49.35,,8362950
2025-09-04 13:55:51.689552+05:30,49.4,,8362950
2025-09-04 13:55:52.486593+05:30,49.5,,8362950
2025-09-04 13:55:52.653145+05:30,49.5,,8362950
2025-09-04 13:55:53.146513+05:30,49.6,,8362950
2025-09-04 13:55:53.494966+05:30,49.6,,8362950
2025-09-04 13:55:53.701624+05:30,49.7,,8362950
2025-09-04 13:55:54.503115+05:30,49.7,,8362950
2025-09-04 13:55:54.674377+05:30,49.65,,8362950
2025-09-04 13:55:55.508780+05:30,49.75,,8362950
2025-09-04 13:55:56.408441+05:30,49.8,,8362950
2025-09-04 13:55:56.651580+05:30,49.75,,8362950
2025-09-04 13:55:57.652639+05:30,49.8,,8362950
2025-09-04 13:55:58.170085+05:30,49.8,,8362950
2025-09-04 13:55:58.451636+05:30,49.8,,8362950
2025-09-04 13:55:58.709244+05:30,49.8,,8362950
2025-09-04 13:55:59.440780+05:30,49.75,,8362950
2025-09-04 13:55:59.651592+05:30,49.65,,8362950
2025-09-04 13:56:00.427753+05:30,49.75,,8362950
2025-09-04 13:56:00.744404+05:30,49.6,,8362950
2025-09-04 13:56:01.151882+05:30,49.75,,8362950
2025-09-04 13:56:01.750174+05:30,49.75,,8362950
2025-09-04 13:56:01.984124+05:30,49.75,,8362950
2025-09-04 13:56:02.706652+05:30,49.6,,8362950
2025-09-04 13:56:03.196674+05:30,49.7,,8362950
2025-09-04 13:56:03.428976+05:30,49.8,,8362950
2025-09-04 13:56:03.706722+05:30,49.8,,8362950
2025-09-04 13:56:04.470686+05:30,49.65,,8362950
2025-09-04 13:56:04.690482+05:30,49.85,,8362950
2025-09-04 13:56:05.465536+05:30,49.9,,8362950
2025-09-04 13:56:05.657838+05:30,49.95,,8362950
2025-09-04 13:56:06.406359+05:30,49.9,,8362950
2025-09-04 13:56:06.724687+05:30,50.0,,8362950
2025-09-04 13:56:06.927382+05:30,50.05,,8362950
2025-09-04 13:56:07.456027+05:30,50.05,,8362950
2025-09-04 13:56:07.651743+05:30,49.9,,8362950
2025-09-04 13:56:08.169143+05:30,49.75,,8362950
2025-09-04 13:56:08.705065+05:30,49.75,,8362950
2025-09-04 13:56:09.708494+05:30,49.9,,8362950
2025-09-04 13:56:10.190165+05:30,49.9,,8362950
2025-09-04 13:56:10.459630+05:30,49.9,,8362950
2025-09-04 13:56:10.647944+05:30,49.85,,8362950
2025-09-04 13:56:11.463972+05:30,49.95,,8362950
2025-09-04 13:56:11.654107+05:30,50.05,,8362950
2025-09-04 13:56:11.903791+05:30,50.1,,8362950
2025-09-04 13:56:12.472835+05:30,50.05,,8362950
2025-09-04 13:56:13.169555+05:30,50.2,,8362950
2025-09-04 13:56:13.474042+05:30,50.2,,8362950
2025-09-04 13:56:14.448937+05:30,50.0,,8362950
2025-09-04 13:56:14.652872+05:30,49.9,,8362950
2025-09-04 13:56:15.174266+05:30,50.1,,8362950
2025-09-04 13:56:15.663468+05:30,50.15,,8362950
2025-09-04 13:56:16.146340+05:30,50.0,,8362950
2025-09-04 13:56:16.703626+05:30,50.05,,8362950
2025-09-04 13:56:16.955221+05:30,50.1,,8362950
2025-09-04 13:56:17.430102+05:30,50.25,,8362950
2025-09-04 13:56:17.701464+05:30,50.25,,8362950
2025-09-04 13:56:18.186788+05:30,50.1,,8362950
2025-09-04 13:56:18.478213+05:30,50.1,,8362950
2025-09-04 13:56:18.760028+05:30,49.85,,8362950
2025-09-04 13:56:19.487144+05:30,49.8,,8362950
2025-09-04 13:56:19.723634+05:30,49.9,,8362950
2025-09-04 13:56:20.424275+05:30,50.0,,8362950
2025-09-04 13:56:20.646373+05:30,50.05,,8362950
2025-09-04 13:56:21.155960+05:30,50.05,,8362950
2025-09-04 13:56:21.415972+05:30,50.05,,8362950
2025-09-04 13:56:21.901750+05:30,50.1,,8362950
2025-09-04 13:56:22.440031+05:30,50.05,,8362950
2025-09-04 13:56:22.727169+05:30,50.0,,8362950
2025-09-04 13:56:23.151546+05:30,49.85,,8362950
2025-09-04 13:56:23.529703+05:30,49.85,,8362950
2025-09-04 13:56:23.663329+05:30,49.8,,8362950
2025-09-04 13:56:24.466681+05:30,50.0,,8362950
2025-09-04 13:56:24.686021+05:30,49.95,,8362950
2025-09-04 13:56:25.461992+05:30,49.25,,8362950
2025-09-04 13:56:25.646948+05:30,49.25,,8362950
2025-09-04 13:56:26.467867+05:30,49.9,,8362950
