time,last_price,volume,oi
2025-09-05 10:55:52.887219+05:30,200.0,,1625100
2025-09-05 10:55:53.160791+05:30,200.05,,1625100
2025-09-05 10:55:53.657838+05:30,199.7,,1625100
2025-09-05 10:55:54.166914+05:30,199.1,,1625100
2025-09-05 10:55:54.461186+05:30,199.6,,1625100
2025-09-05 10:55:54.671233+05:30,199.45,,1625100
2025-09-05 10:55:55.197332+05:30,199.4,,1625100
2025-09-05 10:55:55.669703+05:30,200.0,,1625100
2025-09-05 10:55:55.944691+05:30,199.7,,1625100
2025-09-05 10:55:56.200159+05:30,199.4,,1625100
2025-09-05 10:55:56.738142+05:30,199.35,,1625100
2025-09-05 10:55:57.142587+05:30,199.2,,1625100
2025-09-05 10:55:57.415978+05:30,199.35,,1625100
2025-09-05 10:55:57.716545+05:30,199.6,,1625100
2025-09-05 10:55:58.142803+05:30,199.4,,1625100
2025-09-05 10:55:58.658425+05:30,199.2,,1625100
2025-09-05 10:55:59.145101+05:30,199.75,,1625100
2025-09-05 10:55:59.685430+05:30,198.1,,1625100
2025-09-05 10:56:00.176642+05:30,198.1,,1625100
2025-09-05 10:56:00.659567+05:30,198.85,,1625100
2025-09-05 10:56:00.949314+05:30,198.85,,1625100
2025-09-05 10:56:01.142673+05:30,198.85,,1625100
2025-09-05 10:56:01.747895+05:30,198.7,,1625100
2025-09-05 10:56:02.183342+05:30,198.7,,1625100
2025-09-05 10:56:02.437152+05:30,198.95,,1625100
2025-09-05 10:56:02.664887+05:30,200.0,,1625100
2025-09-05 10:56:03.155608+05:30,200.0,,1625100
2025-09-05 10:56:03.670511+05:30,200.0,,1625100
2025-09-05 10:56:04.147689+05:30,199.8,,1625100
2025-09-05 10:56:04.428369+05:30,199.7,,1625100
2025-09-05 10:56:04.959761+05:30,199.7,,1625100
2025-09-05 10:56:05.155690+05:30,199.55,,1625100
2025-09-05 10:56:05.656732+05:30,199.4,,1625100
2025-09-05 10:56:05.934248+05:30,199.4,,1625100
2025-09-05 10:56:06.143546+05:30,199.4,,1625100
2025-09-05 10:56:06.679892+05:30,198.75,,1625100
2025-09-05 10:56:07.142508+05:30,200.0,,1625100
2025-09-05 10:56:07.690048+05:30,201.1,,1625100
2025-09-05 10:56:08.192198+05:30,201.5,,1625100
2025-09-05 10:56:08.665785+05:30,201.0,,1625100
2025-09-05 10:56:09.143824+05:30,201.05,,1625100
2025-09-05 10:56:09.505579+05:30,200.7,,1625100
2025-09-05 10:56:09.730054+05:30,200.7,,1625100
2025-09-05 10:56:10.159415+05:30,201.0,,1625100
2025-09-05 10:56:10.642580+05:30,200.3,,1625100
2025-09-05 10:56:10.929982+05:30,200.45,,1625100
2025-09-05 10:56:11.137847+05:30,200.55,,1625100
2025-09-05 10:56:11.720693+05:30,199.85,,1625100
2025-09-05 10:56:12.142464+05:30,200.15,,1625100
2025-09-05 10:56:12.431149+05:30,199.95,,1625100
2025-09-05 10:56:12.691143+05:30,199.95,,1625100
2025-09-05 10:56:13.142505+05:30,199.9,,1625100
2025-09-05 10:56:13.655890+05:30,198.95,,1625100
2025-09-05 10:56:14.142592+05:30,199.1,,1625100
2025-09-05 10:56:14.414456+05:30,199.7,,1625100
2025-09-05 10:56:14.680882+05:30,199.7,,1625100
2025-09-05 10:56:15.210624+05:30,199.75,,1625100
2025-09-05 10:56:15.691531+05:30,198.6,,1625100
2025-09-05 10:56:16.182961+05:30,198.6,,1625100
2025-09-05 10:56:16.651249+05:30,198.0,,1625100
2025-09-05 10:56:17.165408+05:30,198.4,,1625100
2025-09-05 10:56:17.436763+05:30,198.0,,1625100
2025-09-05 10:56:17.670394+05:30,198.55,,1625100
2025-09-05 10:56:17.931718+05:30,198.55,,1625100
2025-09-05 10:56:18.643360+05:30,198.45,,1625100
2025-09-05 10:56:19.160336+05:30,198.45,,1625100
2025-09-05 10:56:19.410161+05:30,198.45,,1625100
2025-09-05 10:56:20.474259+05:30,199.5,,1625100
2025-09-05 10:56:20.642519+05:30,197.0,,1625100
2025-09-05 10:56:21.189641+05:30,197.05,,1625100
2025-09-05 10:56:21.693095+05:30,197.35,,1625100
2025-09-05 10:56:22.145551+05:30,197.95,,1625100
2025-09-05 10:56:22.664800+05:30,198.35,,1625100
2025-09-05 10:56:23.030543+05:30,200.0,,1625100
2025-09-05 10:56:23.717798+05:30,199.9,,1625100
2025-09-05 10:56:24.138454+05:30,200.25,,1625100
2025-09-05 10:56:24.659667+05:30,200.7,,1625100
2025-09-05 10:56:25.175145+05:30,200.7,,1625100
2025-09-05 10:56:25.638250+05:30,201.0,,1625100
2025-09-05 10:56:26.142563+05:30,201.0,,1625100
2025-09-05 10:56:26.703773+05:30,200.45,,1625100
2025-09-05 10:56:27.167164+05:30,200.7,,1625100
2025-09-05 10:56:27.647403+05:30,200.55,,1625100
2025-09-05 10:56:28.007802+05:30,200.55,,1625100
2025-09-05 10:56:28.637642+05:30,200.95,,1625100
2025-09-05 10:56:29.143298+05:30,200.8,,1625100
2025-09-05 10:56:29.729973+05:30,200.8,,1625100
2025-09-05 10:56:30.175069+05:30,200.9,,1625100
2025-09-05 10:56:30.723809+05:30,201.5,,1625100
2025-09-05 10:56:31.142570+05:30,200.35,,1625100
2025-09-05 10:56:31.669725+05:30,201.5,,1625100
2025-09-05 10:56:32.142459+05:30,201.3,,1625100
2025-09-05 10:56:32.447843+05:30,200.2,,1625100
2025-09-05 10:56:32.670780+05:30,200.55,,1625100
2025-09-05 10:56:33.182953+05:30,201.0,,1625100
2025-09-05 10:56:33.699994+05:30,200.9,,1625100
2025-09-05 10:56:34.187966+05:30,201.15,,1625100
2025-09-05 10:56:34.652075+05:30,198.5,,1625100
2025-09-05 10:56:35.202397+05:30,198.4,,1625100
2025-09-05 10:56:35.642472+05:30,198.7,,1625100
2025-09-05 10:56:36.172062+05:30,198.9,,1625100
2025-09-05 10:56:36.659663+05:30,198.8,,1625100
2025-09-05 10:56:37.170414+05:30,198.85,,1625100
2025-09-05 10:56:37.513109+05:30,198.5,,1625100
2025-09-05 10:56:37.664606+05:30,198.5,,1625100
2025-09-05 10:56:37.933621+05:30,198.5,,1625100
2025-09-05 10:56:38.939515+05:30,197.85,,1625100
2025-09-05 10:56:39.193095+05:30,198.35,,1625100
2025-09-05 10:56:39.406371+05:30,198.3,,1625100
2025-09-05 10:56:39.734450+05:30,198.35,,1625100
2025-09-05 10:56:40.169825+05:30,198.5,,1625100
2025-09-05 10:56:40.685917+05:30,197.9,,1625100
2025-09-05 10:56:41.209228+05:30,198.2,,1625100
2025-09-05 10:56:41.637639+05:30,199.1,,1625100
2025-09-05 10:56:42.169355+05:30,198.75,,1625100
2025-09-05 10:56:42.736979+05:30,199.0,,1625100
2025-09-05 10:56:42.980960+05:30,199.05,,1625100
2025-09-05 10:56:43.664240+05:30,199.05,,1625100
2025-09-05 10:56:44.169341+05:30,198.55,,1625100
2025-09-05 10:56:44.444428+05:30,198.75,,1625100
2025-09-05 10:56:44.691616+05:30,198.65,,1625100
2025-09-05 10:56:45.142222+05:30,199.0,,1625100
2025-09-05 10:56:45.919549+05:30,199.1,,1625100
2025-09-05 10:56:46.142448+05:30,198.9,,1625100
2025-09-05 10:56:46.719113+05:30,198.8,,1625100
2025-09-05 10:56:47.142413+05:30,198.85,,1625100
2025-09-05 10:56:47.441258+05:30,198.55,,1625100
2025-09-05 10:56:47.642282+05:30,198.35,,1625100
2025-09-05 10:56:47.920799+05:30,198.0,,1625100
2025-09-05 10:56:48.647433+05:30,197.95,,1625100
2025-09-05 10:56:49.241951+05:30,197.4,,1625100
2025-09-05 10:56:49.404549+05:30,197.35,,1625100
2025-09-05 10:56:49.675461+05:30,196.0,,1625100
2025-09-05 10:56:50.149667+05:30,196.0,,1625100
2025-09-05 10:56:50.752617+05:30,195.7,,1625100
2025-09-05 10:56:51.191469+05:30,195.7,,1625100
2025-09-05 10:56:51.397675+05:30,195.6,,1625100
2025-09-05 10:56:51.692679+05:30,194.9,,1625100
2025-09-05 10:56:52.172168+05:30,195.3,,1625100
2025-09-05 10:56:52.641359+05:30,195.95,,1625100
2025-09-05 10:56:52.921192+05:30,196.35,,1625100
2025-09-05 10:56:53.663261+05:30,196.45,,1625100
2025-09-05 10:56:54.165778+05:30,196.5,,1625100
2025-09-05 10:56:54.489138+05:30,196.5,,1625100
2025-09-05 10:56:54.672924+05:30,196.9,,1625100
2025-09-05 10:56:55.159725+05:30,196.9,,1625100
2025-09-05 10:56:55.642691+05:30,195.6,,1625100
2025-09-05 10:56:56.142588+05:30,195.65,,1625100
2025-09-05 10:56:56.681332+05:30,194.9,,1625100
2025-09-05 10:56:57.218003+05:30,195.05,,1625100
2025-09-05 10:56:57.655082+05:30,195.3,,1625100
2025-09-05 10:56:57.915179+05:30,195.3,,1625100
2025-09-05 10:56:58.191575+05:30,195.45,,1625100
2025-09-05 10:56:58.642651+05:30,195.1,,1625100
2025-09-05 10:56:59.142336+05:30,195.1,,1625100
2025-09-05 10:56:59.414385+05:30,195.3,,1625100
2025-09-05 10:56:59.936795+05:30,194.75,,1625100
2025-09-05 10:57:00.198199+05:30,194.95,,1625100
2025-09-05 10:57:00.427186+05:30,194.95,,1625100
2025-09-05 10:57:00.721531+05:30,193.3,,1625100
2025-09-05 10:57:01.415480+05:30,192.5,,1625100
2025-09-05 10:57:01.661932+05:30,192.7,,1625100
2025-09-05 10:57:02.155311+05:30,192.85,,1625100
2025-09-05 10:57:02.392249+05:30,193.45,,1625100
2025-09-05 10:57:02.696742+05:30,191.95,,1625100
2025-09-05 10:57:02.932150+05:30,192.65,,1625100
2025-09-05 10:57:03.187318+05:30,192.95,,1625100
2025-09-05 10:57:03.705478+05:30,192.45,,1625100
2025-09-05 10:57:04.142224+05:30,191.85,,1625100
2025-09-05 10:57:04.414309+05:30,192.1,,1625100
2025-09-05 10:57:04.654414+05:30,191.75,,1625100
2025-09-05 10:57:05.159896+05:30,191.4,,1625100
2025-09-05 10:57:05.642355+05:30,191.4,,1625100
2025-09-05 10:57:05.980179+05:30,191.45,,1625100
2025-09-05 10:57:06.142251+05:30,191.75,,1625100
2025-09-05 10:57:06.707520+05:30,191.1,,1625100
2025-09-05 10:57:07.142252+05:30,191.65,,1625100
2025-09-05 10:57:07.680346+05:30,192.1,,1625100
2025-09-05 10:57:08.025565+05:30,192.1,,1625100
2025-09-05 10:57:08.647824+05:30,192.85,,1625100
2025-09-05 10:57:09.198213+05:30,192.6,,1625100
2025-09-05 10:57:09.467515+05:30,192.6,,1625100
2025-09-05 10:57:09.669760+05:30,192.65,,1625100
2025-09-05 10:57:10.142285+05:30,192.2,,1625100
2025-09-05 10:57:10.642401+05:30,192.05,,1625100
2025-09-05 10:57:11.142368+05:30,192.05,,1625100
2025-09-05 10:57:11.502144+05:30,191.85,,1625100
2025-09-05 10:57:11.664504+05:30,191.35,,1625100
2025-09-05 10:57:12.217576+05:30,191.7,,1625100
2025-09-05 10:57:12.399688+05:30,191.7,,1625100
2025-09-05 10:57:12.724685+05:30,191.55,,1625100
2025-09-05 10:57:12.975944+05:30,191.45,,1625100
2025-09-05 10:57:13.664919+05:30,192.25,,1625100
2025-09-05 10:57:14.164495+05:30,192.2,,1625100
2025-09-05 10:57:14.392477+05:30,192.2,,1625100
2025-09-05 10:57:14.696195+05:30,191.75,,1625100
2025-09-05 10:57:15.142504+05:30,191.75,,1625100
2025-09-05 10:57:16.012189+05:30,191.8,,1625100
2025-09-05 10:57:16.147628+05:30,193.5,,1625100
2025-09-05 10:57:16.741105+05:30,194.35,,1625100
2025-09-05 10:57:17.147301+05:30,195.1,,1625100
2025-09-05 10:57:17.516444+05:30,194.3,,1625100
2025-09-05 10:57:17.726516+05:30,194.3,,1625100
2025-09-05 10:57:18.245678+05:30,194.65,,1625100
2025-09-05 10:57:18.642224+05:30,195.15,,1625100
2025-09-05 10:57:19.159719+05:30,194.3,,1625100
2025-09-05 10:57:19.419124+05:30,195.5,,1625100
2025-09-05 10:57:19.664350+05:30,194.7,,1625100
2025-09-05 10:57:20.142203+05:30,194.7,,1625100
2025-09-05 10:57:20.654064+05:30,194.9,,1625100
2025-09-05 10:57:21.203940+05:30,195.2,,1625100
2025-09-05 10:57:21.958407+05:30,195.2,,1625100
2025-09-05 10:57:22.424340+05:30,195.55,,1625100
2025-09-05 10:57:22.657593+05:30,195.55,,1625100
2025-09-05 10:57:22.914420+05:30,194.65,,1625100
2025-09-05 10:57:23.720026+05:30,195.3,,1625100
2025-09-05 10:57:24.158929+05:30,195.4,,1625100
2025-09-05 10:57:24.449239+05:30,195.4,,1625100
2025-09-05 10:57:24.952185+05:30,195.4,,1625100
2025-09-05 10:57:25.172477+05:30,195.15,,1625100
2025-09-05 10:57:25.733562+05:30,195.15,,1625100
2025-09-05 10:57:26.142182+05:30,195.9,,1625100
2025-09-05 10:57:26.685788+05:30,196.5,,1625100
2025-09-05 10:57:27.152613+05:30,196.9,,1625100
2025-09-05 10:57:27.718578+05:30,197.0,,1625100
2025-09-05 10:57:27.949593+05:30,196.9,,1625100
2025-09-05 10:57:28.910815+05:30,196.2,,1625100
2025-09-05 10:57:29.413987+05:30,196.15,,1625100
2025-09-05 10:57:29.908849+05:30,195.4,,1625100
2025-09-05 10:57:30.164653+05:30,195.4,,1625100
2025-09-05 10:57:30.659342+05:30,195.95,,1625100
2025-09-05 10:57:31.150398+05:30,195.15,,1625100
2025-09-05 10:57:31.713504+05:30,195.35,,1625100
2025-09-05 10:57:32.142302+05:30,195.4,,1625100
2025-09-05 10:57:32.477975+05:30,195.45,,1625100
2025-09-05 10:57:32.811648+05:30,195.2,,1625100
2025-09-05 10:57:32.931149+05:30,195.5,,1625100
2025-09-05 10:57:33.955400+05:30,195.5,,1625100
2025-09-05 10:57:34.230653+05:30,194.85,,1625100
2025-09-05 10:57:34.409165+05:30,195.15,,1625100
2025-09-05 10:57:34.974415+05:30,196.0,,1625100
2025-09-05 10:57:35.729653+05:30,195.15,,1625100
2025-09-05 10:57:35.935654+05:30,195.6,,1625100
2025-09-05 10:57:36.518687+05:30,196.15,,1625100
2025-09-05 10:57:36.910476+05:30,196.5,,1625100
2025-09-05 10:57:37.141959+05:30,196.5,,1625100
2025-09-05 10:57:37.430660+05:30,196.5,,1625100
2025-09-05 10:57:38.315412+05:30,196.3,,1590000
2025-09-05 10:57:38.935502+05:30,196.35,,1590000
2025-09-05 10:57:39.147436+05:30,195.65,,1590000
2025-09-05 10:57:39.392698+05:30,195.6,,1590000
2025-09-05 10:57:39.936827+05:30,195.85,,1590000
2025-09-05 10:57:40.164477+05:30,195.85,,1590000
2025-09-05 10:57:40.669236+05:30,195.9,,1590000
2025-09-05 10:57:41.204349+05:30,195.9,,1590000
2025-09-05 10:57:41.468054+05:30,195.6,,1590000
2025-09-05 10:57:41.892562+05:30,195.15,,1590000
2025-09-05 10:57:42.419154+05:30,195.15,,1590000
2025-09-05 10:57:42.951502+05:30,195.5,,1590000
2025-09-05 10:57:43.158253+05:30,195.5,,1590000
2025-09-05 10:57:43.919217+05:30,195.6,,1590000
2025-09-05 10:57:44.165095+05:30,195.6,,1590000
2025-09-05 10:57:44.419216+05:30,195.3,,1590000
2025-09-05 10:57:44.959387+05:30,195.3,,1590000
2025-09-05 10:57:45.648353+05:30,194.9,,1590000
2025-09-05 10:57:46.142058+05:30,195.2,,1590000
2025-09-05 10:57:46.532698+05:30,195.2,,1590000
2025-09-05 10:57:46.945725+05:30,195.2,,1590000
2025-09-05 10:57:47.141978+05:30,195.55,,1590000
2025-09-05 10:57:47.408767+05:30,195.35,,1590000
2025-09-05 10:57:48.027791+05:30,195.45,,1590000
2025-09-05 10:57:48.137657+05:30,195.45,,1590000
2025-09-05 10:57:48.946318+05:30,194.1,,1590000
2025-09-05 10:57:49.195870+05:30,194.1,,1590000
2025-09-05 10:57:49.414248+05:30,193.7,,1590000
2025-09-05 10:57:49.947247+05:30,193.6,,1590000
2025-09-05 10:57:50.723790+05:30,193.65,,1590000
2025-09-05 10:57:51.191674+05:30,194.1,,1590000
2025-09-05 10:57:51.979759+05:30,193.7,,1590000
2025-09-05 10:57:52.142420+05:30,192.65,,1590000
2025-09-05 10:57:52.680374+05:30,192.5,,1590000
2025-09-05 10:57:53.011680+05:30,191.5,,1590000
2025-09-05 10:57:53.164697+05:30,191.5,,1590000
2025-09-05 10:57:53.931799+05:30,190.55,,1590000
2025-09-05 10:57:54.145208+05:30,190.45,,1590000
2025-09-05 10:57:54.787625+05:30,189.55,,1590000
2025-09-05 10:57:54.976347+05:30,189.3,,1590000
2025-09-05 10:57:55.674609+05:30,189.05,,1590000
2025-09-05 10:57:56.169160+05:30,189.1,,1590000
2025-09-05 10:57:56.494746+05:30,189.1,,1590000
2025-09-05 10:57:56.951483+05:30,189.85,,1590000
2025-09-05 10:57:57.232464+05:30,188.9,,1590000
2025-09-05 10:57:57.696305+05:30,189.5,,1590000
2025-09-05 10:57:57.943687+05:30,190.15,,1590000
2025-09-05 10:57:58.942408+05:30,190.15,,1590000
2025-09-05 10:57:59.467148+05:30,190.0,,1590000
2025-09-05 10:57:59.959715+05:30,190.4,,1590000
2025-09-05 10:58:00.190178+05:30,190.45,,1590000
2025-09-05 10:58:00.650209+05:30,190.1,,1590000
2025-09-05 10:58:01.142200+05:30,189.55,,1590000
2025-09-05 10:58:01.451712+05:30,189.65,,1590000
2025-09-05 10:58:11.087295+05:30,188.7,,1590000
2025-09-05 10:58:11.112296+05:30,189.1,,1590000
2025-09-05 10:58:11.178630+05:30,189.55,,1590000
2025-09-05 10:58:11.236263+05:30,189.25,,1590000
2025-09-05 10:58:11.314687+05:30,189.45,,1590000
2025-09-05 10:58:11.394145+05:30,189.9,,1590000
2025-09-05 10:58:11.451910+05:30,189.4,,1590000
2025-09-05 10:58:11.470882+05:30,189.9,,1590000
2025-09-05 10:58:11.536295+05:30,191.7,,1590000
2025-09-05 10:58:11.612870+05:30,191.75,,1590000
2025-09-05 10:58:11.655439+05:30,191.35,,1590000
2025-09-05 10:58:11.785845+05:30,192.4,,1590000
2025-09-05 10:58:12.007536+05:30,193.25,,1590000
2025-09-05 10:58:12.018873+05:30,193.25,,1590000
2025-09-05 10:58:12.072623+05:30,193.2,,1590000
2025-09-05 10:58:12.280415+05:30,193.35,,1590000
2025-09-05 10:58:12.453450+05:30,192.65,,1590000
2025-09-05 10:58:12.525088+05:30,192.3,,1590000
2025-09-05 10:58:12.678746+05:30,192.25,,1590000
2025-09-05 10:58:12.894851+05:30,192.2,,1590000
2025-09-05 10:58:13.046042+05:30,191.75,,1590000
2025-09-05 10:58:13.124250+05:30,191.9,,1590000
2025-09-05 10:58:13.419257+05:30,191.9,,1590000
2025-09-05 10:58:13.481021+05:30,191.1,,1590000
2025-09-05 10:58:13.734600+05:30,191.1,,1590000
2025-09-05 10:58:13.836902+05:30,192.25,,1590000
2025-09-05 10:58:13.906535+05:30,192.6,,1590000
2025-09-05 10:58:14.085347+05:30,192.6,,1590000
2025-09-05 10:58:14.215315+05:30,192.25,,1590000
2025-09-05 10:58:14.302131+05:30,192.25,,1590000
2025-09-05 10:58:14.391857+05:30,192.25,,1590000
2025-09-05 10:58:14.967731+05:30,192.2,,1590000
2025-09-05 10:58:15.196818+05:30,191.85,,1590000
2025-09-05 10:58:15.658658+05:30,192.45,,1590000
2025-09-05 10:58:16.224246+05:30,192.45,,1590000
2025-09-05 10:58:16.948137+05:30,190.8,,1590000
2025-09-05 10:58:17.213801+05:30,190.65,,1590000
2025-09-05 10:58:18.038414+05:30,190.65,,1590000
2025-09-05 10:58:18.175253+05:30,190.65,,1590000
2025-09-05 10:58:18.963028+05:30,191.45,,1590000
2025-09-05 10:58:19.169345+05:30,191.45,,1590000
2025-09-05 10:58:19.430703+05:30,191.75,,1590000
2025-09-05 10:58:19.978307+05:30,191.65,,1590000
2025-09-05 10:58:20.164284+05:30,192.0,,1590000
2025-09-05 10:58:20.707507+05:30,192.0,,1590000
2025-09-05 10:58:21.158805+05:30,191.6,,1590000
2025-09-05 10:58:21.420444+05:30,191.6,,1590000
2025-09-05 10:58:21.995241+05:30,191.6,,1590000
2025-09-05 10:58:22.397162+05:30,191.6,,1590000
2025-09-05 10:58:22.943623+05:30,191.8,,1590000
2025-09-05 10:58:23.185969+05:30,191.8,,1590000
2025-09-05 10:58:23.933377+05:30,190.9,,1590000
2025-09-05 10:58:24.414453+05:30,190.5,,1590000
2025-09-05 10:58:24.966506+05:30,190.5,,1590000
2025-09-05 10:58:25.386787+05:30,191.6,,1590000
2025-09-05 10:58:25.949212+05:30,190.95,,1590000
2025-09-05 10:58:26.163960+05:30,191.15,,1590000
2025-09-05 10:58:26.935472+05:30,191.2,,1590000
2025-09-05 10:58:27.430800+05:30,191.2,,1590000
2025-09-05 10:58:27.712889+05:30,191.6,,1590000
2025-09-05 10:58:28.032753+05:30,191.6,,1590000
2025-09-05 10:58:28.153466+05:30,191.6,,1590000
2025-09-05 10:58:28.914350+05:30,192.0,,1590000
2025-09-05 10:58:29.396977+05:30,192.55,,1590000
2025-09-05 10:58:29.919024+05:30,192.55,,1590000
2025-09-05 10:58:30.163738+05:30,192.55,,1590000
2025-09-05 10:58:30.664523+05:30,192.8,,1590000
2025-09-05 10:58:30.887577+05:30,193.0,,1590000
2025-09-05 10:58:31.217811+05:30,193.0,,1590000
2025-09-05 10:58:31.941169+05:30,193.3,,1590000
2025-09-05 10:58:32.233921+05:30,193.8,,1590000
2025-09-05 10:58:32.397221+05:30,193.8,,1590000
2025-09-05 10:58:32.905332+05:30,193.45,,1590000
2025-09-05 10:58:33.222253+05:30,193.0,,1590000
2025-09-05 10:58:33.971289+05:30,193.3,,1590000
2025-09-05 10:58:34.678477+05:30,192.8,,1590000
2025-09-05 10:58:35.141842+05:30,192.55,,1590000
2025-09-05 10:58:35.391667+05:30,192.45,,1590000
2025-09-05 10:58:35.921472+05:30,192.45,,1590000
2025-09-05 10:58:36.209483+05:30,192.45,,1590000
2025-09-05 10:58:36.918963+05:30,192.0,,1590000
2025-09-05 10:58:37.163689+05:30,192.5,,1590000
2025-09-05 10:58:37.918644+05:30,192.7,,1590000
2025-09-05 10:58:38.190699+05:30,192.7,,1590000
2025-09-05 10:58:38.918648+05:30,191.6,,1590000
2025-09-05 10:58:39.148152+05:30,191.6,,1590000
2025-09-05 10:58:39.410309+05:30,191.85,,1590000
2025-09-05 10:58:39.956801+05:30,192.1,,1590000
2025-09-05 10:58:40.391680+05:30,191.2,,1590000
2025-09-05 10:58:40.929880+05:30,191.2,,1590000
2025-09-05 10:58:41.190273+05:30,191.2,,1590000
2025-09-05 10:58:42.185450+05:30,191.0,,1590000
2025-09-05 10:58:42.441330+05:30,191.0,,1590000
2025-09-05 10:58:42.914152+05:30,190.75,,1590000
2025-09-05 10:58:43.239381+05:30,190.75,,1590000
2025-09-05 10:58:43.724126+05:30,191.4,,1590000
2025-09-05 10:58:44.021453+05:30,190.15,,1590000
2025-09-05 10:58:44.185461+05:30,190.15,,1590000
2025-09-05 10:58:44.413656+05:30,190.25,,1590000
2025-09-05 10:58:45.010172+05:30,189.4,,1590000
2025-09-05 10:59:11.068317+05:30,189.95,,1590000
2025-09-05 10:59:11.190053+05:30,189.85,,1590000
2025-09-05 10:59:11.325284+05:30,189.15,,1590000
2025-09-05 10:59:11.406414+05:30,189.25,,1590000
2025-09-05 10:59:11.652282+05:30,189.2,,1590000
2025-09-05 10:59:11.886230+05:30,190.0,,1590000
2025-09-05 10:59:11.967958+05:30,189.85,,1590000
2025-09-05 10:59:12.054651+05:30,188.8,,1590000
2025-09-05 10:59:12.323927+05:30,188.9,,1590000
2025-09-05 10:59:12.415853+05:30,188.9,,1590000
2025-09-05 10:59:12.531911+05:30,188.9,,1590000
2025-09-05 10:59:12.653387+05:30,189.15,,1590000
2025-09-05 10:59:12.816958+05:30,189.1,,1590000
2025-09-05 10:59:12.872387+05:30,188.6,,1590000
2025-09-05 10:59:13.075936+05:30,188.6,,1590000
2025-09-05 10:59:13.264843+05:30,188.4,,1590000
2025-09-05 10:59:13.501904+05:30,188.0,,1590000
2025-09-05 10:59:13.717501+05:30,188.0,,1590000
2025-09-05 10:59:13.924342+05:30,188.4,,1590000
2025-09-05 10:59:14.144852+05:30,188.7,,1590000
2025-09-05 10:59:14.195773+05:30,188.8,,1590000
2025-09-05 10:59:14.454899+05:30,188.2,,1590000
2025-09-05 10:59:14.498425+05:30,188.1,,1590000
2025-09-05 10:59:14.694612+05:30,188.0,,1590000
2025-09-05 10:59:14.793493+05:30,187.25,,1590000
2025-09-05 10:59:15.013452+05:30,187.2,,1590000
2025-09-05 10:59:15.186319+05:30,187.6,,1590000
2025-09-05 10:59:15.240867+05:30,187.1,,1590000
2025-09-05 10:59:15.457800+05:30,187.75,,1590000
2025-09-05 10:59:15.753903+05:30,188.95,,1590000
2025-09-05 10:59:15.944742+05:30,188.95,,1590000
2025-09-05 10:59:15.990269+05:30,189.55,,1590000
2025-09-05 10:59:16.254643+05:30,190.1,,1590000
2025-09-05 10:59:16.358467+05:30,190.1,,1590000
2025-09-05 10:59:16.495667+05:30,190.1,,1590000
2025-09-05 10:59:16.713523+05:30,189.65,,1590000
2025-09-05 10:59:17.183595+05:30,189.7,,1590000
2025-09-05 10:59:17.255357+05:30,189.7,,1590000
2025-09-05 10:59:17.447688+05:30,188.8,,1590000
2025-09-05 10:59:17.715596+05:30,188.8,,1590000
2025-09-05 10:59:17.966442+05:30,189.0,,1590000
2025-09-05 10:59:18.068387+05:30,187.9,,1590000
2025-09-05 10:59:18.359577+05:30,187.9,,1590000
2025-09-05 10:59:18.499048+05:30,187.95,,1590000
2025-09-05 10:59:18.608415+05:30,188.35,,1590000
2025-09-05 10:59:18.800979+05:30,187.45,,1590000
2025-09-05 10:59:18.974709+05:30,187.4,,1590000
2025-09-05 10:59:19.391643+05:30,187.0,,1590000
2025-09-05 10:59:19.507903+05:30,187.0,,1590000
2025-09-05 10:59:19.704128+05:30,187.25,,1590000
2025-09-05 10:59:19.791973+05:30,186.8,,1590000
2025-09-05 10:59:19.894304+05:30,187.25,,1590000
2025-09-05 10:59:20.331536+05:30,187.1,,1590000
2025-09-05 10:59:20.338340+05:30,186.65,,1590000
2025-09-05 10:59:20.382747+05:30,186.65,,1590000
2025-09-05 10:59:20.524398+05:30,186.9,,1590000
2025-09-05 10:59:20.672827+05:30,186.55,,1590000
2025-09-05 10:59:20.761051+05:30,187.6,,1590000
2025-09-05 10:59:21.051408+05:30,187.55,,1590000
2025-09-05 10:59:21.100994+05:30,187.55,,1590000
2025-09-05 10:59:21.360567+05:30,187.0,,1590000
2025-09-05 10:59:21.513414+05:30,186.7,,1590000
2025-09-05 10:59:21.677972+05:30,185.85,,1590000
2025-09-05 10:59:21.808370+05:30,185.85,,1590000
2025-09-05 10:59:21.847771+05:30,185.85,,1590000
2025-09-05 10:59:22.055547+05:30,186.0,,1590000
2025-09-05 10:59:22.095798+05:30,186.05,,1590000
2025-09-05 10:59:22.443508+05:30,186.15,,1590000
2025-09-05 10:59:22.530398+05:30,186.7,,1590000
2025-09-05 10:59:22.579657+05:30,186.95,,1590000
2025-09-05 10:59:22.756952+05:30,185.95,,1590000
2025-09-05 10:59:22.950423+05:30,186.45,,1590000
2025-09-05 10:59:23.292549+05:30,187.3,,1590000
2025-09-05 10:59:23.402134+05:30,186.8,,1590000
2025-09-05 10:59:23.486581+05:30,186.5,,1590000
2025-09-05 10:59:23.690656+05:30,186.5,,1590000
2025-09-05 10:59:23.828381+05:30,186.5,,1590000
2025-09-05 10:59:23.941286+05:30,186.35,,1590000
2025-09-05 10:59:24.020981+05:30,186.7,,1590000
2025-09-05 10:59:24.381580+05:30,186.55,,1590000
2025-09-05 10:59:24.440909+05:30,186.95,,1590000
2025-09-05 10:59:24.493401+05:30,186.95,,1590000
2025-09-05 10:59:24.671280+05:30,186.35,,1590000
2025-09-05 10:59:24.769068+05:30,186.75,,1590000
2025-09-05 10:59:25.000187+05:30,186.05,,1590000
2025-09-05 10:59:25.181900+05:30,186.05,,1590000
2025-09-05 10:59:25.360044+05:30,186.05,,1590000
2025-09-05 10:59:25.398230+05:30,186.3,,1590000
2025-09-05 10:59:25.427120+05:30,186.3,,1590000
2025-09-05 10:59:25.526328+05:30,186.3,,1590000
2025-09-05 10:59:25.625629+05:30,186.2,,1590000
2025-09-05 10:59:25.815926+05:30,186.5,,1590000
2025-09-05 10:59:25.913720+05:30,186.2,,1590000
2025-09-05 10:59:26.038315+05:30,184.95,,1590000
2025-09-05 10:59:26.135307+05:30,185.7,,1590000
2025-09-05 10:59:26.224109+05:30,185.7,,1590000
2025-09-05 10:59:26.554729+05:30,185.25,,1590000
2025-09-05 10:59:26.582919+05:30,185.7,,1590000
2025-09-05 11:00:11.046913+05:30,186.2,,1590000
2025-09-05 11:00:11.130150+05:30,186.4,,1590000
2025-09-05 11:00:11.147718+05:30,186.4,,1590000
2025-09-05 11:00:11.356341+05:30,186.25,,1590000
2025-09-05 11:00:11.392141+05:30,186.2,,1590000
2025-09-05 11:00:11.478670+05:30,186.3,,1590000
2025-09-05 11:00:11.673080+05:30,186.3,,1590000
2025-09-05 11:00:11.845986+05:30,186.7,,1590000
2025-09-05 11:00:11.917632+05:30,186.3,,1590000
2025-09-05 11:00:12.184986+05:30,186.7,,1590000
2025-09-05 11:00:12.266930+05:30,186.65,,1590000
2025-09-05 11:00:12.590319+05:30,187.75,,1590000
2025-09-05 11:00:12.659651+05:30,187.45,,1590000
2025-09-05 11:00:12.697687+05:30,187.45,,1590000
2025-09-05 11:00:12.917117+05:30,189.45,,1590000
2025-09-05 11:00:13.003789+05:30,189.45,,1590000
2025-09-05 11:00:13.159509+05:30,189.2,,1590000
2025-09-05 11:00:13.361214+05:30,189.2,,1590000
2025-09-05 11:00:13.485747+05:30,188.1,,1590000
2025-09-05 11:00:13.702123+05:30,188.9,,1590000
2025-09-05 11:00:13.832853+05:30,188.1,,1590000
2025-09-05 11:00:13.871283+05:30,187.85,,1590000
2025-09-05 11:00:14.023205+05:30,187.9,,1590000
2025-09-05 11:00:14.131381+05:30,187.9,,1590000
2025-09-05 11:00:14.387089+05:30,187.8,,1590000
2025-09-05 11:00:14.503584+05:30,188.0,,1590000
2025-09-05 11:00:14.703634+05:30,187.85,,1590000
2025-09-05 11:00:14.741954+05:30,187.85,,1590000
2025-09-05 11:00:14.896697+05:30,187.85,,1590000
2025-09-05 11:00:15.029780+05:30,187.55,,1590000
2025-09-05 11:00:15.353607+05:30,187.85,,1590000
2025-09-05 11:00:15.689636+05:30,187.9,,1590000
2025-09-05 11:00:15.838511+05:30,187.9,,1590000
2025-09-05 11:00:16.039636+05:30,187.4,,1590000
2025-09-05 11:00:16.145180+05:30,187.4,,1590000
2025-09-05 11:00:16.504267+05:30,187.6,,1590000
2025-09-05 11:00:16.527531+05:30,188.1,,1590000
2025-09-05 11:00:16.617933+05:30,188.1,,1590000
2025-09-05 11:00:16.732513+05:30,187.7,,1590000
2025-09-05 11:00:16.827711+05:30,187.8,,1590000
2025-09-05 11:00:17.072065+05:30,187.75,,1590000
2025-09-05 11:00:17.328562+05:30,187.75,,1590000
2025-09-05 11:00:17.654352+05:30,187.55,,1590000
2025-09-05 11:00:17.687148+05:30,187.9,,1590000
2025-09-05 11:00:17.720603+05:30,187.8,,1590000
2025-09-05 11:00:17.979171+05:30,187.8,,1590000
2025-09-05 11:00:18.160334+05:30,188.6,,1590000
2025-09-05 11:00:18.236787+05:30,188.1,,1590000
2025-09-05 11:00:18.269687+05:30,188.1,,1590000
2025-09-05 11:00:18.568449+05:30,188.1,,1590000
2025-09-05 11:00:18.638953+05:30,188.4,,1590000
2025-09-05 11:00:18.825086+05:30,188.4,,1590000
2025-09-05 11:00:18.984118+05:30,188.75,,1590000
2025-09-05 11:00:19.038495+05:30,188.75,,1590000
2025-09-05 11:00:19.391224+05:30,188.85,,1590000
2025-09-05 11:00:19.516489+05:30,188.85,,1590000
2025-09-05 11:00:19.712408+05:30,188.4,,1590000
2025-09-05 11:00:19.795247+05:30,188.75,,1590000
2025-09-05 11:00:19.917907+05:30,188.75,,1590000
2025-09-05 11:00:20.129101+05:30,188.8,,1590000
2025-09-05 11:00:20.237401+05:30,188.9,,1590000
2025-09-05 11:00:20.347180+05:30,188.9,,1590000
2025-09-05 11:00:20.462679+05:30,188.45,,1590000
2025-09-05 11:00:20.645720+05:30,188.6,,1590000
2025-09-05 11:00:20.847419+05:30,188.7,,1590000
2025-09-05 11:00:21.031757+05:30,188.4,,1590000
2025-09-05 11:00:21.129177+05:30,188.4,,1590000
2025-09-05 11:00:21.450211+05:30,187.65,,1590000
2025-09-05 11:00:21.641144+05:30,187.15,,1590000
2025-09-05 11:00:21.767127+05:30,187.15,,1590000
2025-09-05 11:00:21.801233+05:30,187.15,,1590000
2025-09-05 11:00:22.139405+05:30,187.15,,1590000
2025-09-05 11:00:22.281425+05:30,187.45,,1590000
2025-09-05 11:00:22.414089+05:30,186.2,,1590000
2025-09-05 11:00:22.571099+05:30,186.2,,1590000
2025-09-05 11:00:22.727132+05:30,186.0,,1590000
2025-09-05 11:00:22.813437+05:30,186.0,,1590000
2025-09-05 11:00:22.894356+05:30,186.0,,1590000
2025-09-05 11:00:23.086438+05:30,186.2,,1590000
2025-09-05 11:00:23.331036+05:30,186.55,,1590000
2025-09-05 11:00:23.509331+05:30,186.55,,1590000
2025-09-05 11:00:23.736443+05:30,185.8,,1590000
2025-09-05 11:00:23.905605+05:30,184.75,,1590000
2025-09-05 11:00:24.191830+05:30,185.0,,1590000
2025-09-05 11:00:24.210394+05:30,185.2,,1590000
2025-09-05 11:00:24.312566+05:30,185.2,,1590000
2025-09-05 11:00:24.344406+05:30,185.2,,1590000
2025-09-05 11:00:24.523970+05:30,185.45,,1590000
2025-09-05 11:00:24.667910+05:30,185.4,,1590000
2025-09-05 11:00:24.914596+05:30,185.55,,1590000
2025-09-05 11:00:24.972327+05:30,186.35,,1590000
2025-09-05 11:00:25.155656+05:30,186.4,,1590000
2025-09-05 11:00:25.380357+05:30,187.2,,1590000
2025-09-05 11:00:25.545557+05:30,187.2,,1590000
2025-09-05 11:00:25.675864+05:30,186.55,,1590000
2025-09-05 11:00:25.820471+05:30,185.95,,1590000
2025-09-05 11:00:25.928332+05:30,186.65,,1590000
2025-09-05 11:00:56.348059+05:30,187.35,,1590000
2025-09-05 11:00:56.498829+05:30,187.35,,1590000
2025-09-05 11:00:56.537876+05:30,187.35,,1590000
2025-09-05 11:00:56.843267+05:30,187.7,,1590000
2025-09-05 11:00:56.992322+05:30,188.0,,1590000
2025-09-05 11:00:57.129097+05:30,188.0,,1590000
2025-09-05 11:00:57.442116+05:30,188.15,,1590000
2025-09-05 11:00:57.523703+05:30,188.5,,1590000
2025-09-05 11:00:57.714171+05:30,187.85,,1590000
2025-09-05 11:00:57.823154+05:30,187.85,,1590000
2025-09-05 11:00:57.911179+05:30,187.85,,1590000
2025-09-05 11:00:57.960826+05:30,187.9,,1590000
2025-09-05 11:00:58.065241+05:30,187.7,,1590000
2025-09-05 11:00:58.082620+05:30,187.7,,1590000
2025-09-05 11:00:58.231183+05:30,187.8,,1590000
2025-09-05 11:00:58.372597+05:30,186.8,,1590000
2025-09-05 11:00:58.495794+05:30,187.4,,1590000
2025-09-05 11:00:58.554224+05:30,187.4,,1590000
2025-09-05 11:00:58.674035+05:30,187.4,,1590000
2025-09-05 11:00:58.719287+05:30,186.95,,1590000
2025-09-05 11:00:58.776245+05:30,187.0,,1590000
2025-09-05 11:00:58.881197+05:30,187.0,,1590000
2025-09-05 11:00:59.046264+05:30,187.0,,1590000
2025-09-05 11:00:59.119135+05:30,187.0,,1590000
2025-09-05 11:00:59.255314+05:30,187.25,,1590000
2025-09-05 11:00:59.335144+05:30,187.25,,1590000
2025-09-05 11:00:59.546344+05:30,187.65,,1590000
2025-09-05 11:00:59.683198+05:30,187.15,,1590000
2025-09-05 11:00:59.730272+05:30,187.15,,1590000
2025-09-05 11:00:59.774621+05:30,187.5,,1590000
2025-09-05 11:00:59.937322+05:30,187.5,,1590000
2025-09-05 11:01:00.266024+05:30,187.0,,1590000
2025-09-05 11:01:00.338236+05:30,187.0,,1590000
2025-09-05 11:01:00.487576+05:30,187.4,,1590000
2025-09-05 11:01:00.603333+05:30,187.4,,1590000
2025-09-05 11:01:00.718845+05:30,187.9,,1590000
2025-09-05 11:01:00.828692+05:30,187.45,,1590000
2025-09-05 11:01:01.006653+05:30,186.0,,1590000
2025-09-05 11:01:01.088294+05:30,185.4,,1590000
2025-09-05 11:01:01.260887+05:30,185.4,,1590000
2025-09-05 11:01:01.426439+05:30,185.75,,1590000
2025-09-05 11:01:01.524661+05:30,185.3,,1590000
2025-09-05 11:01:01.585907+05:30,185.0,,1590000
2025-09-05 11:01:01.741938+05:30,185.6,,1590000
2025-09-05 11:01:01.863900+05:30,185.6,,1590000
2025-09-05 11:01:01.996347+05:30,185.6,,1590000
2025-09-05 11:01:02.287823+05:30,185.1,,1590000
2025-09-05 11:01:02.327235+05:30,184.9,,1590000
2025-09-05 11:01:02.400584+05:30,184.25,,1590000
2025-09-05 11:01:02.491313+05:30,184.75,,1590000
2025-09-05 11:01:02.677471+05:30,184.75,,1590000
2025-09-05 11:01:02.829617+05:30,184.8,,1590000
2025-09-05 11:01:02.886238+05:30,186.1,,1590000
2025-09-05 11:01:03.049572+05:30,186.8,,1590000
2025-09-05 11:01:03.326159+05:30,186.8,,1590000
2025-09-05 11:01:03.396800+05:30,186.8,,1590000
2025-09-05 11:01:03.587327+05:30,187.6,,1590000
2025-09-05 11:01:03.801197+05:30,187.6,,1590000
2025-09-05 11:01:03.865030+05:30,187.6,,1590000
2025-09-05 11:01:04.092112+05:30,187.95,,1590000
2025-09-05 11:01:04.108802+05:30,187.35,,1590000
2025-09-05 11:01:04.201317+05:30,186.9,,1590000
2025-09-05 11:01:04.515102+05:30,186.55,,1590000
2025-09-05 11:01:04.599279+05:30,186.8,,1590000
2025-09-05 11:01:04.775716+05:30,186.8,,1590000
2025-09-05 11:01:04.868615+05:30,186.8,,1590000
2025-09-05 11:01:04.951023+05:30,186.8,,1590000
2025-09-05 11:01:05.200198+05:30,187.0,,1590000
2025-09-05 11:01:05.382563+05:30,187.0,,1590000
2025-09-05 11:01:05.404712+05:30,187.0,,1590000
2025-09-05 11:01:05.524780+05:30,186.95,,1590000
2025-09-05 11:01:05.640327+05:30,186.95,,1590000
2025-09-05 11:01:05.736878+05:30,186.6,,1590000
2025-09-05 11:01:05.898590+05:30,186.65,,1590000
2025-09-05 11:01:06.013056+05:30,186.65,,1590000
2025-09-05 11:01:06.325788+05:30,186.9,,1590000
2025-09-05 11:01:06.413053+05:30,186.9,,1590000
2025-09-05 11:01:06.529643+05:30,187.05,,1590000
2025-09-05 11:01:06.622778+05:30,187.05,,1590000
2025-09-05 11:01:06.637144+05:30,186.2,,1581450
2025-09-05 11:01:06.728411+05:30,186.2,,1581450
2025-09-05 11:01:06.968771+05:30,185.55,,1581450
2025-09-05 11:01:07.033438+05:30,185.25,,1581450
2025-09-05 11:01:07.163323+05:30,184.7,,1581450
2025-09-05 11:01:07.359464+05:30,184.05,,1581450
2025-09-05 11:01:07.412508+05:30,184.8,,1581450
2025-09-05 11:01:07.497573+05:30,184.8,,1581450
2025-09-05 11:01:07.586241+05:30,184.45,,1581450
2025-09-05 11:01:07.635541+05:30,185.1,,1581450
2025-09-05 11:01:07.747311+05:30,185.4,,1581450
2025-09-05 11:01:07.827147+05:30,186.9,,1581450
2025-09-05 11:01:07.983101+05:30,186.25,,1581450
2025-09-05 11:01:08.046730+05:30,186.25,,1581450
2025-09-05 11:01:08.244170+05:30,186.95,,1581450
2025-09-05 11:01:08.300629+05:30,186.95,,1581450
2025-09-05 11:01:08.451666+05:30,187.3,,1581450
2025-09-05 11:01:08.476445+05:30,186.4,,1581450
2025-09-05 11:01:08.546894+05:30,186.4,,1581450
2025-09-05 11:01:08.602151+05:30,186.9,,1581450
2025-09-05 11:01:08.727297+05:30,187.55,,1581450
2025-09-05 11:01:08.809986+05:30,187.2,,1581450
2025-09-05 11:01:09.041330+05:30,187.2,,1581450
2025-09-05 11:01:09.088961+05:30,187.2,,1581450
2025-09-05 11:01:09.214117+05:30,187.2,,1581450
2025-09-05 11:01:09.429875+05:30,187.55,,1581450
2025-09-05 11:01:09.470667+05:30,187.15,,1581450
2025-09-05 11:01:09.704176+05:30,187.2,,1581450
2025-09-05 11:01:09.724023+05:30,187.55,,1581450
2025-09-05 11:01:09.868114+05:30,187.3,,1581450
2025-09-05 11:01:10.017889+05:30,187.3,,1581450
2025-09-05 11:01:10.143623+05:30,187.0,,1581450
2025-09-05 11:01:10.310999+05:30,186.9,,1581450
2025-09-05 11:01:10.491847+05:30,186.9,,1581450
2025-09-05 11:01:10.511375+05:30,186.9,,1581450
2025-09-05 11:01:10.808678+05:30,187.3,,1581450
2025-09-05 11:01:10.922143+05:30,186.75,,1581450
2025-09-05 11:01:11.163720+05:30,186.85,,1581450
2025-09-05 11:01:11.342758+05:30,186.85,,1581450
2025-09-05 11:01:11.513636+05:30,185.6,,1581450
2025-09-05 11:01:11.622455+05:30,185.6,,1581450
2025-09-05 11:01:11.716456+05:30,185.6,,1581450
2025-09-05 11:01:11.808690+05:30,185.45,,1581450
2025-09-05 11:01:12.059462+05:30,185.35,,1581450
2025-09-05 11:01:12.105298+05:30,185.35,,1581450
2025-09-05 11:01:12.177708+05:30,185.8,,1581450
2025-09-05 11:01:12.521539+05:30,185.0,,1581450
2025-09-05 11:01:12.730722+05:30,184.8,,1581450
2025-09-05 11:01:12.850228+05:30,184.45,,1581450
2025-09-05 11:01:13.027341+05:30,184.9,,1581450
2025-09-05 11:01:13.153605+05:30,183.85,,1581450
2025-09-05 11:01:13.294251+05:30,184.05,,1581450
2025-09-05 11:01:13.475735+05:30,184.05,,1581450
2025-09-05 11:01:13.589433+05:30,183.6,,1581450
2025-09-05 11:01:13.669574+05:30,183.25,,1581450
2025-09-05 11:01:13.751603+05:30,183.35,,1581450
2025-09-05 11:01:13.814197+05:30,183.7,,1581450
2025-09-05 11:01:13.968691+05:30,183.65,,1581450
2025-09-05 11:01:14.120003+05:30,183.85,,1581450
2025-09-05 11:01:14.221464+05:30,183.55,,1581450
2025-09-05 11:01:14.367196+05:30,183.7,,1581450
2025-09-05 11:01:14.566392+05:30,184.85,,1581450
2025-09-05 11:01:14.697772+05:30,184.35,,1581450
2025-09-05 11:01:14.899204+05:30,185.1,,1581450
2025-09-05 11:01:14.903135+05:30,185.45,,1581450
2025-09-05 11:01:14.972334+05:30,185.6,,1581450
2025-09-05 11:01:15.120876+05:30,184.9,,1581450
2025-09-05 11:01:15.148746+05:30,184.85,,1581450
2025-09-05 11:01:15.407937+05:30,185.2,,1581450
2025-09-05 11:01:15.514338+05:30,185.2,,1581450
2025-09-05 11:01:15.720729+05:30,184.75,,1581450
2025-09-05 11:01:15.836455+05:30,184.5,,1581450
2025-09-05 11:01:16.079979+05:30,185.0,,1581450
2025-09-05 11:01:16.162240+05:30,185.0,,1581450
2025-09-05 11:01:16.305874+05:30,183.8,,1581450
2025-09-05 11:01:16.349199+05:30,183.9,,1581450
2025-09-05 11:01:16.399654+05:30,183.9,,1581450
2025-09-05 11:01:16.574051+05:30,183.3,,1581450
2025-09-05 11:01:16.688271+05:30,183.3,,1581450
2025-09-05 11:01:16.862850+05:30,183.3,,1581450
2025-09-05 11:01:17.216718+05:30,183.2,,1581450
2025-09-05 11:01:17.424371+05:30,183.4,,1581450
2025-09-05 11:01:17.586140+05:30,183.1,,1581450
2025-09-05 11:01:17.721956+05:30,183.55,,1581450
2025-09-05 11:01:17.816774+05:30,183.55,,1581450
2025-09-05 11:01:17.985274+05:30,183.2,,1581450
2025-09-05 11:01:18.024858+05:30,182.6,,1581450
2025-09-05 11:01:18.247344+05:30,182.6,,1581450
2025-09-05 11:01:18.318882+05:30,182.6,,1581450
2025-09-05 11:01:18.406398+05:30,183.4,,1581450
2025-09-05 11:01:18.497373+05:30,183.25,,1581450
2025-09-05 11:01:18.577631+05:30,183.25,,1581450
2025-09-05 11:01:18.673502+05:30,183.9,,1581450
2025-09-05 11:01:18.720596+05:30,183.75,,1581450
2025-09-05 11:01:18.959473+05:30,184.0,,1581450
2025-09-05 11:01:19.183173+05:30,184.0,,1581450
2025-09-05 11:01:19.999423+05:30,184.0,,1581450
2025-09-05 11:01:20.424132+05:30,184.2,,1581450
2025-09-05 11:01:20.662906+05:30,184.2,,1581450
2025-09-05 11:01:20.895268+05:30,184.45,,1581450
2025-09-05 11:01:21.168589+05:30,184.45,,1581450
2025-09-05 11:01:21.672924+05:30,184.3,,1581450
2025-09-05 11:01:21.908262+05:30,184.3,,1581450
2025-09-05 11:01:22.154200+05:30,184.1,,1581450
2025-09-05 11:01:22.891749+05:30,183.7,,1581450
2025-09-05 11:01:23.211237+05:30,183.8,,1581450
2025-09-05 11:01:23.469907+05:30,183.8,,1581450
2025-09-05 11:01:23.905367+05:30,183.6,,1581450
2025-09-05 11:01:24.171343+05:30,183.6,,1581450
2025-09-05 11:01:24.913574+05:30,183.75,,1581450
2025-09-05 11:01:25.230884+05:30,183.75,,1581450
2025-09-05 11:01:25.386368+05:30,183.95,,1581450
2025-09-05 11:01:25.922216+05:30,187.2,,1581450
2025-09-05 11:01:26.207850+05:30,187.2,,1581450
2025-09-05 11:01:26.737516+05:30,186.5,,1581450
2025-09-05 11:01:26.947609+05:30,186.5,,1581450
2025-09-05 11:01:27.171204+05:30,186.5,,1581450
2025-09-05 11:01:27.450532+05:30,186.7,,1581450
2025-09-05 11:01:27.925718+05:30,187.2,,1581450
2025-09-05 11:01:28.204525+05:30,187.2,,1581450
2025-09-05 11:01:28.909184+05:30,186.3,,1581450
2025-09-05 11:01:29.220846+05:30,186.5,,1581450
2025-09-05 11:01:29.938115+05:30,186.5,,1581450
2025-09-05 11:01:30.194801+05:30,186.5,,1581450
2025-09-05 11:01:30.395402+05:30,186.5,,1581450
2025-09-05 11:01:30.947850+05:30,186.45,,1581450
2025-09-05 11:01:31.164557+05:30,186.45,,1581450
2025-09-05 11:01:31.701696+05:30,186.45,,1581450
2025-09-05 11:01:31.947614+05:30,186.8,,1581450
2025-09-05 11:01:32.150973+05:30,187.0,,1581450
2025-09-05 11:01:32.404917+05:30,187.0,,1581450
2025-09-05 11:01:32.958154+05:30,187.45,,1581450
2025-09-05 11:01:33.211477+05:30,187.45,,1581450
2025-09-05 11:01:33.886576+05:30,186.3,,1581450
2025-09-05 11:01:34.184613+05:30,186.3,,1581450
2025-09-05 11:01:34.962906+05:30,186.35,,1581450
2025-09-05 11:01:35.209035+05:30,186.35,,1581450
2025-09-05 11:01:35.392530+05:30,186.35,,1581450
2025-09-05 11:01:35.895923+05:30,186.2,,1581450
2025-09-05 11:01:36.183246+05:30,185.3,,1581450
2025-09-05 11:01:36.706494+05:30,185.3,,1581450
2025-09-05 11:01:36.926169+05:30,185.95,,1581450
2025-09-05 11:01:37.201611+05:30,185.5,,1581450
2025-09-05 11:01:37.910909+05:30,184.35,,1581450
2025-09-05 11:01:38.239243+05:30,184.75,,1581450
2025-09-05 11:01:38.890480+05:30,184.2,,1581450
2025-09-05 11:01:39.302074+05:30,183.85,,1581450
2025-09-05 11:01:39.921464+05:30,183.3,,1581450
2025-09-05 11:01:40.141183+05:30,183.3,,1581450
2025-09-05 11:01:40.397995+05:30,183.4,,1581450
2025-09-05 11:01:40.912726+05:30,183.4,,1581450
2025-09-05 11:01:41.178274+05:30,183.75,,1581450
2025-09-05 11:01:41.697323+05:30,183.25,,1581450
2025-09-05 11:01:41.959369+05:30,183.25,,1581450
2025-09-05 11:01:42.202285+05:30,183.25,,1581450
2025-09-05 11:01:42.897330+05:30,184.4,,1581450
2025-09-05 11:01:43.228085+05:30,184.5,,1581450
2025-09-05 11:01:43.469629+05:30,184.5,,1581450
2025-09-05 11:01:43.918082+05:30,184.5,,1581450
2025-09-05 11:01:44.657492+05:30,183.7,,1581450
2025-09-05 11:01:44.921237+05:30,183.4,,1581450
2025-09-05 11:01:45.201335+05:30,183.85,,1581450
2025-09-05 11:01:45.392444+05:30,183.85,,1581450
2025-09-05 11:01:45.935059+05:30,183.25,,1581450
2025-09-05 11:01:46.203332+05:30,183.25,,1581450
2025-09-05 11:01:46.701509+05:30,183.25,,1581450
2025-09-05 11:01:47.425574+05:30,183.45,,1581450
2025-09-05 11:01:47.890593+05:30,183.55,,1581450
2025-09-05 11:01:48.157667+05:30,183.5,,1581450
2025-09-05 11:01:48.464479+05:30,183.5,,1581450
2025-09-05 11:01:48.966553+05:30,183.5,,1581450
2025-09-05 11:01:49.176305+05:30,183.25,,1581450
2025-09-05 11:01:49.904776+05:30,183.25,,1581450
2025-09-05 11:01:50.210455+05:30,184.05,,1581450
2025-09-05 11:01:50.434833+05:30,184.05,,1581450
2025-09-05 11:01:50.923462+05:30,184.05,,1581450
2025-09-05 11:01:51.140720+05:30,184.1,,1581450
2025-09-05 11:01:51.731029+05:30,183.85,,1581450
2025-09-05 11:01:51.990748+05:30,183.7,,1581450
2025-09-05 11:01:52.160348+05:30,183.35,,1581450
2025-09-05 11:01:52.922045+05:30,183.0,,1581450
2025-09-05 11:01:53.184533+05:30,183.0,,1581450
2025-09-05 11:01:53.886436+05:30,183.4,,1581450
2025-09-05 11:01:54.392055+05:30,183.4,,1581450
2025-09-05 11:01:54.926571+05:30,183.7,,1581450
2025-09-05 11:01:55.218797+05:30,183.0,,1581450
2025-09-05 11:01:55.412363+05:30,183.0,,1581450
2025-09-05 11:01:55.890648+05:30,183.4,,1581450
2025-09-05 11:01:56.418570+05:30,182.9,,1581450
2025-09-05 11:01:56.934761+05:30,182.45,,1581450
2025-09-05 11:01:57.440123+05:30,182.0,,1581450
2025-09-05 11:01:57.913470+05:30,182.0,,1581450
2025-09-05 11:01:58.467114+05:30,182.05,,1581450
2025-09-05 11:01:58.890549+05:30,181.6,,1581450
2025-09-05 11:01:59.190462+05:30,181.6,,1581450
2025-09-05 11:01:59.959539+05:30,181.65,,1581450
2025-09-05 11:02:00.390571+05:30,181.7,,1581450
2025-09-05 11:02:01.160329+05:30,182.2,,1581450
2025-09-05 11:02:01.434503+05:30,182.25,,1581450
2025-09-05 11:02:01.713458+05:30,181.3,,1581450
2025-09-05 11:02:01.917789+05:30,181.3,,1581450
2025-09-05 11:02:02.385398+05:30,181.3,,1581450
2025-09-05 11:02:02.890616+05:30,182.0,,1581450
2025-09-05 11:02:03.417291+05:30,181.8,,1581450
2025-09-05 11:02:03.915520+05:30,181.7,,1581450
2025-09-05 11:02:04.390750+05:30,181.75,,1581450
2025-09-05 11:02:04.919092+05:30,181.85,,1581450
2025-09-05 11:02:05.393124+05:30,182.35,,1581450
2025-09-05 11:02:05.912859+05:30,182.2,,1581450
2025-09-05 11:02:06.163256+05:30,182.2,,1581450
2025-09-05 11:02:06.667883+05:30,182.65,,1581450
2025-09-05 11:02:06.979450+05:30,182.05,,1581450
2025-09-05 11:02:07.409805+05:30,182.05,,1581450
2025-09-05 11:02:07.897773+05:30,182.2,,1581450
2025-09-05 11:02:08.408043+05:30,182.2,,1581450
2025-09-05 11:02:08.908186+05:30,181.3,,1581450
2025-09-05 11:02:09.463203+05:30,180.0,,1581450
2025-09-05 11:02:10.159045+05:30,180.35,,1581450
2025-09-05 11:02:10.390746+05:30,180.45,,1581450
2025-09-05 11:02:10.941802+05:30,180.45,,1581450
2025-09-05 11:02:11.398884+05:30,180.45,,1581450
2025-09-05 11:02:11.930144+05:30,182.4,,1581450
2025-09-05 11:02:12.386375+05:30,182.05,,1581450
2025-09-05 11:02:12.962024+05:30,182.15,,1581450
2025-09-05 11:02:13.409416+05:30,182.05,,1581450
2025-09-05 11:02:13.898069+05:30,182.05,,1581450
2025-09-05 11:02:14.419709+05:30,182.1,,1581450
2025-09-05 11:02:14.935922+05:30,183.6,,1581450
2025-09-05 11:02:15.399276+05:30,183.15,,1581450
2025-09-05 11:02:15.890517+05:30,183.15,,1581450
2025-09-05 11:02:16.440822+05:30,183.2,,1581450
2025-09-05 11:02:16.890676+05:30,183.2,,1581450
2025-09-05 11:02:17.203514+05:30,183.4,,1581450
2025-09-05 11:02:18.010616+05:30,183.9,,1581450
2025-09-05 11:02:18.399395+05:30,183.9,,1581450
2025-09-05 11:02:18.979726+05:30,183.55,,1581450
2025-09-05 11:02:19.214123+05:30,183.55,,1581450
2025-09-05 11:02:19.896476+05:30,183.7,,1581450
2025-09-05 11:02:20.390427+05:30,183.7,,1581450
2025-09-05 11:02:21.441256+05:30,183.7,,1581450
2025-09-05 11:02:21.748194+05:30,183.4,,1581450
2025-09-05 11:02:21.923627+05:30,183.4,,1581450
2025-09-05 11:02:22.185503+05:30,183.4,,1581450
2025-09-05 11:02:22.971493+05:30,183.4,,1581450
2025-09-05 11:02:23.428829+05:30,183.7,,1581450
2025-09-05 11:02:23.943780+05:30,183.3,,1581450
2025-09-05 11:02:24.191002+05:30,183.35,,1581450
2025-09-05 11:02:24.890358+05:30,182.9,,1581450
2025-09-05 11:02:25.213855+05:30,182.9,,1581450
2025-09-05 11:02:25.385613+05:30,182.55,,1581450
2025-09-05 11:02:26.162184+05:30,182.55,,1581450
2025-09-05 11:02:26.659888+05:30,182.8,,1581450
2025-09-05 11:02:27.241750+05:30,183.4,,1581450
2025-09-05 11:02:27.890643+05:30,183.25,,1581450
2025-09-05 11:02:28.434546+05:30,183.2,,1581450
2025-09-05 11:02:28.892857+05:30,183.25,,1581450
2025-09-05 11:02:29.391084+05:30,183.25,,1581450
2025-09-05 11:02:29.886461+05:30,183.05,,1581450
2025-09-05 11:02:30.467271+05:30,183.05,,1581450
2025-09-05 11:02:30.914247+05:30,182.9,,1581450
2025-09-05 11:02:31.394147+05:30,182.9,,1581450
2025-09-05 11:02:32.169895+05:30,182.95,,1581450
2025-09-05 11:02:32.928614+05:30,182.6,,1581450
2025-09-05 11:02:33.390419+05:30,182.6,,1581450
2025-09-05 11:02:33.907520+05:30,182.7,,1581450
2025-09-05 11:02:34.390885+05:30,183.0,,1581450
2025-09-05 11:02:34.890379+05:30,183.55,,1581450
2025-09-05 11:02:35.181595+05:30,183.3,,1581450
2025-09-05 11:02:35.696359+05:30,184.0,,1581450
2025-09-05 11:02:35.890303+05:30,184.05,,1581450
2025-09-05 11:02:36.455658+05:30,184.0,,1581450
2025-09-05 11:02:36.894338+05:30,184.0,,1581450
2025-09-05 11:02:37.167532+05:30,184.2,,1581450
2025-09-05 11:02:37.967871+05:30,184.15,,1581450
2025-09-05 11:02:38.201158+05:30,184.15,,1581450
2025-09-05 11:02:38.982581+05:30,184.15,,1581450
2025-09-05 11:02:39.417952+05:30,183.95,,1581450
2025-09-05 11:02:40.135741+05:30,185.45,,1581450
2025-09-05 11:02:40.390806+05:30,184.9,,1581450
2025-09-05 11:02:40.963690+05:30,185.1,,1581450
2025-09-05 11:02:41.428500+05:30,185.15,,1581450
2025-09-05 11:02:41.930546+05:30,184.9,,1581450
2025-09-05 11:02:42.250226+05:30,184.95,,1581450
2025-09-05 11:02:43.009720+05:30,184.1,,1581450
2025-09-05 11:02:43.390389+05:30,183.95,,1581450
2025-09-05 11:02:43.932304+05:30,183.9,,1581450
2025-09-05 11:02:44.407687+05:30,184.0,,1581450
2025-09-05 11:02:44.891249+05:30,182.95,,1581450
2025-09-05 11:02:45.168892+05:30,183.4,,1581450
2025-09-05 11:02:45.402634+05:30,184.0,,1581450
2025-09-05 11:02:45.926166+05:30,184.05,,1581450
2025-09-05 11:02:46.437371+05:30,184.05,,1581450
2025-09-05 11:02:46.890448+05:30,184.45,,1581450
2025-09-05 11:02:47.390188+05:30,184.45,,1581450
2025-09-05 11:02:47.915337+05:30,184.75,,1581450
2025-09-05 11:02:48.391144+05:30,184.75,,1581450
2025-09-05 11:02:48.952571+05:30,184.4,,1581450
2025-09-05 11:02:49.140758+05:30,184.4,,1581450
2025-09-05 11:02:49.956842+05:30,183.95,,1581450
2025-09-05 11:02:50.446304+05:30,183.95,,1581450
2025-09-05 11:02:50.657519+05:30,183.95,,1581450
2025-09-05 11:02:50.904516+05:30,183.85,,1581450
2025-09-05 11:02:51.448772+05:30,183.75,,1581450
2025-09-05 11:02:51.937540+05:30,184.2,,1581450
2025-09-05 11:02:52.412898+05:30,184.2,,1581450
2025-09-05 11:02:52.890236+05:30,183.65,,1581450
2025-09-05 11:02:53.433737+05:30,183.8,,1581450
2025-09-05 11:02:53.929916+05:30,183.8,,1581450
2025-09-05 11:02:54.412482+05:30,183.75,,1581450
2025-09-05 11:02:54.943921+05:30,183.7,,1581450
2025-09-05 11:02:55.434721+05:30,183.7,,1581450
2025-09-05 11:02:55.637444+05:30,184.6,,1581450
2025-09-05 11:02:55.912185+05:30,184.95,,1581450
2025-09-05 11:02:56.390240+05:30,184.15,,1581450
2025-09-05 11:02:56.917480+05:30,183.95,,1581450
2025-09-05 11:02:57.168830+05:30,183.95,,1581450
2025-09-05 11:02:57.892047+05:30,184.7,,1581450
2025-09-05 11:02:58.390462+05:30,184.7,,1581450
2025-09-05 11:02:58.890243+05:30,184.85,,1581450
2025-09-05 11:02:59.221794+05:30,184.3,,1581450
2025-09-05 11:02:59.921386+05:30,185.35,,1581450
2025-09-05 11:03:00.169037+05:30,185.35,,1581450
2025-09-05 11:03:00.658304+05:30,184.6,,1581450
2025-09-05 11:03:00.988245+05:30,184.6,,1581450
2025-09-05 11:03:01.461711+05:30,184.8,,1581450
2025-09-05 11:03:02.041732+05:30,184.8,,1581450
2025-09-05 11:03:02.169124+05:30,184.8,,1581450
2025-09-05 11:03:02.944361+05:30,184.95,,1581450
2025-09-05 11:03:03.407042+05:30,184.95,,1581450
2025-09-05 11:03:03.933304+05:30,184.95,,1581450
2025-09-05 11:03:04.252912+05:30,184.95,,1581450
2025-09-05 11:03:04.890757+05:30,185.0,,1581450
2025-09-05 11:03:05.400707+05:30,184.95,,1581450
2025-09-05 11:03:05.662523+05:30,184.9,,1581450
2025-09-05 11:03:05.993352+05:30,184.9,,1581450
2025-09-05 11:03:06.429637+05:30,185.5,,1581450
2025-09-05 11:03:06.945413+05:30,185.5,,1581450
2025-09-05 11:03:07.386480+05:30,185.45,,1581450
2025-09-05 11:03:07.977797+05:30,185.45,,1581450
2025-09-05 11:03:08.174882+05:30,185.5,,1581450
2025-09-05 11:03:08.995208+05:30,186.25,,1581450
2025-09-05 11:03:09.390172+05:30,186.2,,1581450
2025-09-05 11:03:09.918767+05:30,185.3,,1581450
2025-09-05 11:03:10.291967+05:30,185.3,,1581450
2025-09-05 11:03:10.700027+05:30,184.65,,1581450
2025-09-05 11:03:10.912279+05:30,185.05,,1581450
2025-09-05 11:03:11.419033+05:30,185.15,,1581450
2025-09-05 11:03:11.662121+05:30,185.2,,1581450
2025-09-05 11:03:12.023352+05:30,185.1,,1581450
2025-09-05 11:03:12.162516+05:30,184.7,,1581450
2025-09-05 11:03:12.911926+05:30,185.9,,1581450
2025-09-05 11:03:13.140093+05:30,187.3,,1581450
2025-09-05 11:03:13.934690+05:30,186.5,,1581450
2025-09-05 11:03:14.417722+05:30,186.5,,1581450
2025-09-05 11:03:15.026808+05:30,186.2,,1581450
2025-09-05 11:03:15.152771+05:30,186.65,,1581450
2025-09-05 11:03:15.658768+05:30,186.45,,1581450
2025-09-05 11:03:15.885965+05:30,186.45,,1581450
2025-09-05 11:03:16.424333+05:30,186.45,,1581450
2025-09-05 11:03:16.701356+05:30,186.15,,1581450
2025-09-05 11:03:16.907522+05:30,186.5,,1581450
2025-09-05 11:03:17.413122+05:30,186.5,,1581450
2025-09-05 11:03:18.438826+05:30,186.5,,1581450
2025-09-05 11:03:18.945225+05:30,186.5,,1581450
2025-09-05 11:03:19.390112+05:30,186.15,,1581450
2025-09-05 11:03:20.226133+05:30,186.15,,1581450
2025-09-05 11:03:20.670349+05:30,186.15,,1581450
2025-09-05 11:03:21.674086+05:30,186.25,,1581450
2025-09-05 11:03:21.911867+05:30,186.8,,1581450
2025-09-05 11:03:22.164175+05:30,187.35,,1581450
2025-09-05 11:03:23.218499+05:30,186.3,,1581450
2025-09-05 11:03:23.425074+05:30,187.1,,1581450
2025-09-05 11:03:23.974658+05:30,186.9,,1581450
2025-09-05 11:03:24.154508+05:30,186.75,,1581450
2025-09-05 11:03:25.288417+05:30,186.9,,1581450
2025-09-05 11:03:25.643455+05:30,186.9,,1581450
2025-09-05 11:03:26.172686+05:30,186.9,,1581450
2025-09-05 11:03:26.401377+05:30,186.5,,1581450
2025-09-05 11:03:26.685390+05:30,186.5,,1581450
2025-09-05 11:03:27.184704+05:30,187.2,,1581450
2025-09-05 11:03:28.231521+05:30,187.3,,1581450
2025-09-05 11:03:28.460897+05:30,186.75,,1581450
2025-09-05 11:03:29.006148+05:30,187.5,,1581450
2025-09-05 11:03:29.149542+05:30,187.7,,1581450
2025-09-05 11:03:30.162870+05:30,187.9,,1581450
2025-09-05 11:03:30.418292+05:30,187.9,,1581450
2025-09-05 11:03:30.664176+05:30,187.45,,1581450
2025-09-05 11:03:31.184226+05:30,188.1,,1581450
2025-09-05 11:03:31.904460+05:30,188.6,,1581450
2025-09-05 11:03:32.195550+05:30,188.0,,1581450
2025-09-05 11:03:33.142280+05:30,188.4,,1581450
2025-09-05 11:03:33.450650+05:30,188.5,,1581450
2025-09-05 11:03:33.906081+05:30,188.25,,1581450
2025-09-05 11:03:34.176827+05:30,188.8,,1581450
2025-09-05 11:03:35.200162+05:30,189.1,,1581450
2025-09-05 11:03:35.640151+05:30,188.75,,1581450
2025-09-05 11:03:36.207543+05:30,189.0,,1581450
2025-09-05 11:03:36.673291+05:30,189.0,,1581450
2025-09-05 11:03:37.208527+05:30,189.4,,1581450
2025-09-05 11:03:37.420056+05:30,189.4,,1581450
2025-09-05 11:03:38.155535+05:30,189.75,,1581450
2025-09-05 11:03:38.906779+05:30,189.5,,1580925
2025-09-05 11:03:39.139955+05:30,189.8,,1580925
2025-09-05 11:03:40.190679+05:30,189.5,,1580925
2025-09-05 11:03:40.390324+05:30,189.65,,1580925
2025-09-05 11:03:41.171305+05:30,189.7,,1580925
2025-09-05 11:03:41.389968+05:30,189.0,,1580925
2025-09-05 11:03:41.679816+05:30,189.0,,1580925
2025-09-05 11:03:42.204716+05:30,188.65,,1580925
2025-09-05 11:03:42.412429+05:30,188.75,,1580925
2025-09-05 11:03:43.158951+05:30,187.6,,1580925
2025-09-05 11:03:43.893882+05:30,188.0,,1580925
2025-09-05 11:03:44.412394+05:30,187.7,,1580925
2025-09-05 11:03:44.993149+05:30,186.7,,1580925
2025-09-05 11:03:45.401633+05:30,186.2,,1580925
2025-09-05 11:03:46.225829+05:30,186.2,,1580925
2025-09-05 11:03:46.666740+05:30,186.2,,1580925
2025-09-05 11:03:46.918051+05:30,188.1,,1580925
2025-09-05 11:03:47.168497+05:30,188.6,,1580925
2025-09-05 11:03:48.156707+05:30,190.0,,1580925
2025-09-05 11:03:48.894507+05:30,190.1,,1580925
2025-09-05 11:03:49.234660+05:30,190.1,,1580925
2025-09-05 11:03:49.906843+05:30,189.85,,1580925
2025-09-05 11:03:50.157935+05:30,189.85,,1580925
2025-09-05 11:03:50.640924+05:30,189.85,,1580925
2025-09-05 11:03:51.146386+05:30,189.45,,1580925
2025-09-05 11:03:51.676274+05:30,189.85,,1580925
2025-09-05 11:03:52.182467+05:30,190.0,,1580925
2025-09-05 11:03:53.156633+05:30,190.5,,1580925
2025-09-05 11:03:53.936135+05:30,191.1,,1580925
2025-09-05 11:03:54.192315+05:30,191.1,,1580925
2025-09-05 11:03:54.935769+05:30,191.3,,1580925
2025-09-05 11:03:55.482841+05:30,191.1,,1580925
2025-09-05 11:03:56.253356+05:30,190.85,,1580925
2025-09-05 11:03:56.671316+05:30,190.4,,1580925
2025-09-05 11:03:57.144325+05:30,190.4,,1580925
2025-09-05 11:03:58.187196+05:30,190.0,,1580925
2025-09-05 11:03:58.894878+05:30,189.8,,1580925
2025-09-05 11:03:59.197114+05:30,189.6,,1580925
2025-09-05 11:03:59.963383+05:30,189.5,,1580925
2025-09-05 11:04:00.166346+05:30,189.5,,1580925
2025-09-05 11:04:00.682385+05:30,190.0,,1580925
2025-09-05 11:04:01.239506+05:30,189.9,,1580925
2025-09-05 11:04:01.653723+05:30,189.9,,1580925
2025-09-05 11:04:02.231585+05:30,189.6,,1580925
2025-09-05 11:04:02.403149+05:30,189.5,,1580925
2025-09-05 11:04:03.184978+05:30,188.6,,1580925
2025-09-05 11:04:03.412542+05:30,188.6,,1580925
2025-09-05 11:04:03.964722+05:30,189.3,,1580925
2025-09-05 11:04:04.427135+05:30,189.3,,1580925
2025-09-05 11:04:04.928402+05:30,187.4,,1580925
2025-09-05 11:04:05.240177+05:30,188.05,,1580925
2025-09-05 11:04:05.402620+05:30,187.4,,1580925
2025-09-05 11:04:06.261796+05:30,187.35,,1580925
2025-09-05 11:04:06.440736+05:30,187.95,,1580925
2025-09-05 11:04:06.689033+05:30,187.45,,1580925
2025-09-05 11:04:07.172920+05:30,187.0,,1580925
2025-09-05 11:04:08.189099+05:30,187.2,,1580925
2025-09-05 11:04:08.437892+05:30,186.55,,1580925
2025-09-05 11:04:08.934386+05:30,187.05,,1580925
2025-09-05 11:04:09.151722+05:30,187.05,,1580925
2025-09-05 11:04:09.964604+05:30,185.85,,1580925
2025-09-05 11:04:10.205524+05:30,186.25,,1580925
2025-09-05 11:04:10.392478+05:30,186.25,,1580925
2025-09-05 11:04:11.197646+05:30,186.3,,1580925
2025-09-05 11:04:11.643349+05:30,185.95,,1580925
2025-09-05 11:04:12.186371+05:30,187.2,,1580925
2025-09-05 11:04:13.185228+05:30,187.6,,1580925
2025-09-05 11:04:13.926829+05:30,187.7,,1580925
2025-09-05 11:04:14.424959+05:30,187.75,,1580925
2025-09-05 11:04:14.911882+05:30,187.15,,1580925
2025-09-05 11:04:15.406540+05:30,187.15,,1580925
2025-09-05 11:04:16.205751+05:30,186.85,,1580925
2025-09-05 11:04:16.393619+05:30,187.0,,1580925
2025-09-05 11:04:17.203288+05:30,186.75,,1580925
2025-09-05 11:04:17.417140+05:30,186.75,,1580925
2025-09-05 11:04:18.179261+05:30,185.7,,1580925
2025-09-05 11:04:18.641887+05:30,186.05,,1580925
2025-09-05 11:04:19.217112+05:30,186.05,,1580925
2025-09-05 11:04:19.902320+05:30,185.55,,1580925
2025-09-05 11:04:20.394141+05:30,185.65,,1580925
2025-09-05 11:04:21.200912+05:30,185.45,,1580925
2025-09-05 11:04:21.429549+05:30,185.0,,1580925
2025-09-05 11:04:22.181323+05:30,185.0,,1580925
2025-09-05 11:04:23.172447+05:30,183.95,,1580925
2025-09-05 11:04:23.641115+05:30,183.95,,1580925
2025-09-05 11:04:24.237970+05:30,183.7,,1580925
2025-09-05 11:04:24.418339+05:30,183.3,,1580925
2025-09-05 11:04:24.945184+05:30,183.45,,1580925
2025-09-05 11:04:25.390359+05:30,182.25,,1580925
2025-09-05 11:04:26.167772+05:30,182.35,,1580925
2025-09-05 11:04:26.664473+05:30,182.05,,1580925
2025-09-05 11:04:27.151220+05:30,181.85,,1580925
2025-09-05 11:04:27.398803+05:30,181.85,,1580925
2025-09-05 11:04:28.250858+05:30,181.85,,1580925
2025-09-05 11:04:28.639536+05:30,181.75,,1580925
2025-09-05 11:04:29.171241+05:30,181.4,,1580925
2025-09-05 11:04:29.917580+05:30,181.2,,1580925
2025-09-05 11:04:30.193731+05:30,181.6,,1580925
2025-09-05 11:04:30.639820+05:30,181.55,,1580925
2025-09-05 11:04:31.139622+05:30,172.8,,1580925
2025-09-05 11:04:31.450616+05:30,173.6,,1580925
2025-09-05 11:04:32.162530+05:30,174.35,,1580925
2025-09-05 11:04:33.163640+05:30,173.75,,1580925
2025-09-05 11:04:33.671238+05:30,174.05,,1580925
2025-09-05 11:04:34.184302+05:30,175.05,,1580925
2025-09-05 11:04:34.941120+05:30,174.1,,1580925
2025-09-05 11:04:35.384520+05:30,175.4,,1580925
2025-09-05 11:04:36.212103+05:30,176.75,,1580925
2025-09-05 11:04:36.674732+05:30,176.85,,1580925
2025-09-05 11:04:37.175825+05:30,176.15,,1580925
2025-09-05 11:04:38.165292+05:30,176.0,,1580925
2025-09-05 11:04:38.407409+05:30,175.95,,1580925
2025-09-05 11:04:38.659548+05:30,176.55,,1580925
2025-09-05 11:04:39.176309+05:30,176.5,,1580925
2025-09-05 11:04:39.442209+05:30,176.7,,1580925
2025-09-05 11:04:39.985824+05:30,177.05,,1580925
2025-09-05 11:04:40.389796+05:30,176.65,,1580925
2025-09-05 11:04:41.173956+05:30,177.25,,1580925
2025-09-05 11:04:41.436110+05:30,177.0,,1580925
2025-09-05 11:04:42.146677+05:30,176.4,,1580925
2025-09-05 11:04:42.393272+05:30,177.1,,1580925
2025-09-05 11:04:43.186612+05:30,176.85,,1580925
2025-09-05 11:04:43.389623+05:30,176.65,,1580925
2025-09-05 11:04:43.652656+05:30,177.25,,1580925
2025-09-05 11:04:44.200721+05:30,176.65,,1580925
2025-09-05 11:04:44.915891+05:30,176.9,,1580925
2025-09-05 11:04:45.385501+05:30,178.1,,1580925
2025-09-05 11:04:46.212577+05:30,178.15,,1580925
2025-09-05 11:04:46.428492+05:30,177.95,,1580925
2025-09-05 11:04:47.149128+05:30,178.1,,1580925
2025-09-05 11:04:48.166858+05:30,177.6,,1580925
2025-09-05 11:04:48.414533+05:30,177.45,,1580925
2025-09-05 11:04:48.646401+05:30,177.6,,1580925
2025-09-05 11:04:49.206760+05:30,176.9,,1580925
2025-09-05 11:04:49.949611+05:30,176.0,,1580925
2025-09-05 11:04:50.389628+05:30,176.25,,1580925
2025-09-05 11:04:51.139896+05:30,176.15,,1580925
2025-09-05 11:04:51.415422+05:30,175.7,,1580925
2025-09-05 11:04:52.162191+05:30,175.85,,1580925
2025-09-05 11:04:53.258072+05:30,175.55,,1580925
2025-09-05 11:04:53.394450+05:30,175.35,,1580925
2025-09-05 11:04:53.661930+05:30,175.2,,1580925
2025-09-05 11:04:54.170559+05:30,175.25,,1580925
2025-09-05 11:04:54.916662+05:30,175.55,,1580925
2025-09-05 11:04:55.411938+05:30,175.0,,1580925
2025-09-05 11:04:56.205686+05:30,175.7,,1580925
2025-09-05 11:04:56.411289+05:30,175.7,,1580925
2025-09-05 11:04:57.188135+05:30,175.45,,1580925
2025-09-05 11:04:57.385435+05:30,175.45,,1580925
2025-09-05 11:04:58.211206+05:30,175.1,,1580925
2025-09-05 11:04:58.661832+05:30,175.3,,1580925
2025-09-05 11:04:59.197699+05:30,174.8,,1580925
2025-09-05 11:04:59.927594+05:30,172.85,,1580925
2025-09-05 11:05:00.175225+05:30,172.8,,1580925
2025-09-05 11:05:00.540925+05:30,172.8,,1580925
2025-09-05 11:05:00.662488+05:30,172.8,,1580925
2025-09-05 11:05:01.222103+05:30,174.75,,1580925
2025-09-05 11:05:01.397002+05:30,174.65,,1580925
2025-09-05 11:05:02.183853+05:30,174.95,,1580925
2025-09-05 11:05:03.238526+05:30,175.25,,1580925
2025-09-05 11:05:03.433647+05:30,175.25,,1580925
2025-09-05 11:05:03.639466+05:30,175.25,,1580925
2025-09-05 11:05:04.176266+05:30,174.1,,1580925
2025-09-05 11:05:04.928027+05:30,174.15,,1580925
2025-09-05 11:05:05.178497+05:30,173.6,,1580925
2025-09-05 11:05:05.417133+05:30,173.6,,1580925
2025-09-05 11:05:06.161052+05:30,174.1,,1580925
2025-09-05 11:05:06.406497+05:30,173.55,,1580925
2025-09-05 11:05:06.646000+05:30,173.1,,1580925
2025-09-05 11:05:07.243045+05:30,173.2,,1580925
2025-09-05 11:05:07.389328+05:30,173.2,,1580925
2025-09-05 11:05:08.226183+05:30,174.05,,1580925
2025-09-05 11:05:08.927597+05:30,174.4,,1580925
2025-09-05 11:05:09.244519+05:30,175.15,,1580925
2025-09-05 11:05:09.389877+05:30,175.45,,1580925
2025-09-05 11:05:10.245000+05:30,174.3,,1580925
2025-09-05 11:05:10.389391+05:30,173.55,,1580925
2025-09-05 11:05:11.169680+05:30,173.95,,1580925
2025-09-05 11:05:11.672427+05:30,172.15,,1580925
2025-09-05 11:05:12.178053+05:30,172.0,,1580925
2025-09-05 11:05:12.389382+05:30,173.0,,1580925
2025-09-05 11:05:13.199938+05:30,172.6,,1580925
2025-09-05 11:05:13.389452+05:30,172.4,,1580925
2025-09-05 11:05:13.993159+05:30,172.7,,1580925
2025-09-05 11:05:14.152151+05:30,172.65,,1580925
2025-09-05 11:05:15.172986+05:30,172.5,,1580925
2025-09-05 11:05:15.392349+05:30,172.7,,1580925
2025-09-05 11:05:16.171052+05:30,172.45,,1580925
2025-09-05 11:05:16.438504+05:30,172.55,,1580925
2025-09-05 11:05:16.895456+05:30,172.55,,1580925
2025-09-05 11:05:17.153816+05:30,174.0,,1580925
2025-09-05 11:05:18.214023+05:30,176.0,,1580925
2025-09-05 11:05:18.426441+05:30,175.9,,1580925
2025-09-05 11:05:18.948424+05:30,175.95,,1580925
2025-09-05 11:05:19.251451+05:30,176.2,,1580925
2025-09-05 11:05:20.154713+05:30,176.85,,1580925
2025-09-05 11:05:20.416274+05:30,176.85,,1580925
2025-09-05 11:05:21.203679+05:30,177.4,,1580925
2025-09-05 11:05:21.916605+05:30,177.7,,1580925
2025-09-05 11:05:22.416376+05:30,177.7,,1580925
2025-09-05 11:05:23.156865+05:30,178.9,,1580925
2025-09-05 11:05:23.639730+05:30,179.5,,1580925
2025-09-05 11:05:23.922861+05:30,179.3,,1580925
2025-09-05 11:05:24.164482+05:30,178.75,,1580925
2025-09-05 11:05:25.250116+05:30,178.55,,1580925
2025-09-05 11:05:25.427133+05:30,178.0,,1580925
2025-09-05 11:05:26.229624+05:30,178.0,,1580925
2025-09-05 11:05:26.892434+05:30,178.15,,1580925
2025-09-05 11:05:27.152370+05:30,178.15,,1580925
2025-09-05 11:05:27.465825+05:30,178.65,,1580925
2025-09-05 11:05:28.141283+05:30,178.45,,1580925
2025-09-05 11:05:28.390349+05:30,178.4,,1580925
2025-09-05 11:05:28.978649+05:30,178.75,,1580925
2025-09-05 11:05:29.220301+05:30,178.65,,1580925
2025-09-05 11:05:30.156823+05:30,179.1,,1580925
2025-09-05 11:05:30.395418+05:30,179.0,,1580925
2025-09-05 11:05:30.741249+05:30,179.0,,1580925
2025-09-05 11:05:31.205353+05:30,179.7,,1580925
2025-09-05 11:05:31.946093+05:30,179.8,,1580925
2025-09-05 11:05:32.177948+05:30,179.4,,1580925
2025-09-05 11:05:33.157237+05:30,179.0,,1580925
2025-09-05 11:05:33.415390+05:30,179.0,,1580925
2025-09-05 11:05:33.928900+05:30,178.1,,1580925
2025-09-05 11:05:34.455243+05:30,178.2,,1580925
2025-09-05 11:05:35.156328+05:30,177.5,,1580925
2025-09-05 11:05:35.456341+05:30,177.8,,1580925
2025-09-05 11:05:36.234214+05:30,177.85,,1580925
2025-09-05 11:05:36.389220+05:30,177.85,,1580925
2025-09-05 11:05:36.639150+05:30,177.85,,1580925
2025-09-05 11:05:37.254849+05:30,177.95,,1580925
2025-09-05 11:05:37.394875+05:30,177.75,,1580925
2025-09-05 11:05:38.198584+05:30,177.5,,1580925
2025-09-05 11:05:38.389210+05:30,178.4,,1580925
2025-09-05 11:05:38.920447+05:30,178.15,,1580925
2025-09-05 11:05:39.422066+05:30,178.15,,1580925
2025-09-05 11:05:40.169042+05:30,178.15,,1580925
2025-09-05 11:05:40.439853+05:30,178.15,,1580925
2025-09-05 11:05:41.201000+05:30,178.4,,1580925
2025-09-05 11:05:41.639168+05:30,178.35,,1580925
2025-09-05 11:05:42.251175+05:30,178.8,,1580925
2025-09-05 11:05:42.396398+05:30,178.8,,1580925
2025-09-05 11:05:43.147655+05:30,178.85,,1580925
2025-09-05 11:05:43.390936+05:30,178.85,,1580925
2025-09-05 11:05:43.693925+05:30,178.85,,1580925
2025-09-05 11:05:44.198470+05:30,179.0,,1580925
2025-09-05 11:05:45.222569+05:30,178.8,,1580925
2025-09-05 11:05:45.394244+05:30,178.8,,1580925
2025-09-05 11:05:46.145549+05:30,178.85,,1580925
2025-09-05 11:05:46.389363+05:30,178.85,,1580925
2025-09-05 11:05:46.911119+05:30,178.85,,1580925
2025-09-05 11:05:47.157146+05:30,177.3,,1580925
2025-09-05 11:05:48.235191+05:30,177.35,,1580925
2025-09-05 11:05:48.639105+05:30,177.35,,1580925
2025-09-05 11:05:49.152799+05:30,177.35,,1580925
2025-09-05 11:05:50.201885+05:30,178.4,,1580925
2025-09-05 11:05:50.410932+05:30,178.4,,1580925
2025-09-05 11:05:51.211431+05:30,178.8,,1580925
2025-09-05 11:05:51.661874+05:30,178.7,,1580925
2025-09-05 11:05:52.184050+05:30,179.0,,1580925
2025-09-05 11:05:52.416002+05:30,179.2,,1580925
2025-09-05 11:05:53.156115+05:30,179.55,,1580925
2025-09-05 11:05:53.639353+05:30,179.45,,1580925
2025-09-05 11:05:54.194132+05:30,179.65,,1580925
2025-09-05 11:05:55.156028+05:30,179.75,,1580925
2025-09-05 11:05:55.390044+05:30,179.75,,1580925
2025-09-05 11:05:56.155499+05:30,179.8,,1580925
2025-09-05 11:05:56.389115+05:30,179.8,,1580925
2025-09-05 11:05:56.647296+05:30,180.05,,1580925
2025-09-05 11:05:57.262992+05:30,180.1,,1580925
2025-09-05 11:05:57.467749+05:30,179.75,,1580925
2025-09-05 11:05:58.152759+05:30,179.8,,1580925
2025-09-05 11:05:58.403272+05:30,180.6,,1580925
2025-09-05 11:05:58.639235+05:30,180.6,,1580925
2025-09-05 11:05:59.256640+05:30,180.6,,1580925
2025-09-05 11:05:59.449282+05:30,179.9,,1580925
2025-09-05 11:06:00.191443+05:30,179.25,,1580925
2025-09-05 11:06:00.429236+05:30,179.25,,1580925
2025-09-05 11:06:01.179891+05:30,178.85,,1580925
2025-09-05 11:06:01.644085+05:30,178.95,,1580925
2025-09-05 11:06:02.186025+05:30,178.55,,1580925
2025-09-05 11:06:03.225686+05:30,178.9,,1580925
2025-09-05 11:06:03.416389+05:30,178.9,,1580925
2025-09-05 11:06:03.659383+05:30,178.9,,1580925
2025-09-05 11:06:04.217188+05:30,179.15,,1580925
2025-09-05 11:06:05.166003+05:30,179.25,,1580925
2025-09-05 11:06:05.389965+05:30,178.9,,1580925
2025-09-05 11:06:06.193234+05:30,179.1,,1580925
2025-09-05 11:06:06.653431+05:30,179.15,,1580925
2025-09-05 11:06:07.202194+05:30,179.05,,1580925
2025-09-05 11:06:07.397938+05:30,179.0,,1580925
2025-09-05 11:06:08.153975+05:30,179.95,,1580925
2025-09-05 11:06:08.405334+05:30,180.1,,1580925
2025-09-05 11:06:08.660954+05:30,179.9,,1580925
2025-09-05 11:06:09.167156+05:30,179.95,,1580925
2025-09-05 11:06:09.414989+05:30,179.95,,1580925
2025-09-05 11:06:10.207644+05:30,180.35,,1580925
2025-09-05 11:06:10.437388+05:30,180.35,,1580925
2025-09-05 11:06:11.237616+05:30,180.0,,1580925
2025-09-05 11:06:11.410889+05:30,180.25,,1580925
2025-09-05 11:06:11.657317+05:30,179.95,,1580925
2025-09-05 11:06:12.167417+05:30,179.95,,1580925
2025-09-05 11:06:12.416482+05:30,179.95,,1580925
2025-09-05 11:06:13.169812+05:30,178.65,,1580925
2025-09-05 11:06:13.678263+05:30,178.9,,1580925
2025-09-05 11:06:14.215936+05:30,178.2,,1580925
2025-09-05 11:06:14.407647+05:30,178.45,,1580925
2025-09-05 11:06:15.003407+05:30,178.0,,1580925
2025-09-05 11:06:15.162900+05:30,178.0,,1580925
2025-09-05 11:06:15.412925+05:30,177.6,,1580925
2025-09-05 11:06:16.160285+05:30,177.35,,1580925
2025-09-05 11:06:16.386510+05:30,177.35,,1580925
2025-09-05 11:06:16.666415+05:30,177.35,,1580925
2025-09-05 11:06:16.939002+05:30,177.65,,1580925
2025-09-05 11:06:17.193789+05:30,177.6,,1580925
2025-09-05 11:06:17.410951+05:30,177.7,,1580925
2025-09-05 11:06:18.216921+05:30,177.8,,1580925
2025-09-05 11:06:18.434778+05:30,178.3,,1580925
2025-09-05 11:06:18.702447+05:30,178.3,,1580925
2025-09-05 11:06:19.253029+05:30,178.5,,1580925
2025-09-05 11:06:19.427791+05:30,178.65,,1580925
2025-09-05 11:06:19.916638+05:30,178.65,,1580925
2025-09-05 11:06:20.178379+05:30,178.65,,1580925
2025-09-05 11:06:20.405870+05:30,179.35,,1580925
2025-09-05 11:06:21.192039+05:30,179.35,,1580925
2025-09-05 11:06:21.388875+05:30,178.5,,1580925
2025-09-05 11:06:21.910950+05:30,178.6,,1580925
2025-09-05 11:06:22.141876+05:30,178.6,,1580925
2025-09-05 11:06:22.513218+05:30,178.35,,1580925
2025-09-05 11:06:23.223347+05:30,178.45,,1580925
2025-09-05 11:06:23.488139+05:30,178.25,,1580925
2025-09-05 11:06:24.203448+05:30,178.1,,1580925
2025-09-05 11:06:24.445059+05:30,177.8,,1580925
2025-09-05 11:06:24.928709+05:30,178.1,,1580925
2025-09-05 11:06:25.163185+05:30,177.6,,1580925
2025-09-05 11:06:25.413929+05:30,177.2,,1580925
2025-09-05 11:06:26.243299+05:30,176.75,,1580925
2025-09-05 11:06:26.634046+05:30,176.75,,1580925
2025-09-05 11:06:26.948971+05:30,175.6,,1580925
2025-09-05 11:06:27.156678+05:30,175.7,,1580925
2025-09-05 11:06:28.217861+05:30,175.25,,1580925
2025-09-05 11:06:28.514409+05:30,175.7,,1580925
2025-09-05 11:06:29.213564+05:30,175.05,,1580925
2025-09-05 11:06:29.405743+05:30,175.55,,1580925
2025-09-05 11:06:29.638988+05:30,175.55,,1580925
2025-09-05 11:06:30.157652+05:30,174.55,,1580925
2025-09-05 11:06:30.481117+05:30,174.55,,1580925
2025-09-05 11:06:31.192746+05:30,174.25,,1580925
2025-09-05 11:06:31.389079+05:30,174.5,,1580925
2025-09-05 11:06:31.922240+05:30,174.05,,1580925
2025-09-05 11:06:32.274169+05:30,173.5,,1580925
2025-09-05 11:06:32.429071+05:30,173.85,,1580925
2025-09-05 11:06:33.209118+05:30,175.1,,1580925
2025-09-05 11:06:33.410743+05:30,175.55,,1580925
2025-09-05 11:06:34.177259+05:30,175.75,,1580925
2025-09-05 11:06:34.412625+05:30,175.75,,1580925
2025-09-05 11:06:34.638860+05:30,175.5,,1580925
2025-09-05 11:06:35.218175+05:30,175.45,,1580925
2025-09-05 11:06:35.400570+05:30,175.45,,1580925
2025-09-05 11:06:36.161174+05:30,174.95,,1580925
2025-09-05 11:06:36.410777+05:30,174.95,,1580925
2025-09-05 11:06:36.998714+05:30,174.8,,1580925
2025-09-05 11:06:37.157613+05:30,174.9,,1580925
2025-09-05 11:06:37.411642+05:30,174.9,,1580925
2025-09-05 11:06:38.150189+05:30,175.9,,1580925
2025-09-05 11:06:38.439112+05:30,175.6,,1580925
2025-09-05 11:06:39.162819+05:30,175.6,,1580925
2025-09-05 11:06:39.416819+05:30,175.6,,1575225
2025-09-05 11:06:39.659934+05:30,175.6,,1575225
2025-09-05 11:06:40.212296+05:30,176.1,,1575225
2025-09-05 11:06:40.405365+05:30,176.1,,1575225
2025-09-05 11:06:41.145291+05:30,175.75,,1575225
2025-09-05 11:06:41.388811+05:30,175.75,,1575225
2025-09-05 11:06:41.958901+05:30,175.65,,1575225
2025-09-05 11:06:42.230928+05:30,175.8,,1575225
2025-09-05 11:06:42.401740+05:30,176.15,,1575225
2025-09-05 11:06:43.138778+05:30,176.25,,1575225
2025-09-05 11:06:43.436093+05:30,176.25,,1575225
2025-09-05 11:06:43.727965+05:30,176.25,,1575225
2025-09-05 11:06:44.153680+05:30,175.95,,1575225
2025-09-05 11:06:44.638671+05:30,175.95,,1575225
2025-09-05 11:06:45.147124+05:30,175.95,,1575225
2025-09-05 11:06:45.474385+05:30,176.35,,1575225
2025-09-05 11:06:46.231183+05:30,176.35,,1575225
2025-09-05 11:06:46.434197+05:30,176.35,,1575225
2025-09-05 11:06:46.933565+05:30,176.35,,1575225
2025-09-05 11:06:48.167599+05:30,176.35,,1575225
2025-09-05 11:06:48.423643+05:30,176.9,,1575225
2025-09-05 11:06:48.638843+05:30,176.9,,1575225
2025-09-05 11:06:49.155925+05:30,176.9,,1575225
2025-09-05 11:06:49.967397+05:30,176.9,,1575225
2025-09-05 11:06:50.166292+05:30,176.9,,1575225
2025-09-05 11:06:51.410666+05:30,177.25,,1575225
2025-09-05 11:06:51.924893+05:30,176.4,,1575225
2025-09-05 11:06:52.206274+05:30,177.0,,1575225
2025-09-05 11:06:53.150421+05:30,176.6,,1575225
2025-09-05 11:06:53.427499+05:30,176.45,,1575225
2025-09-05 11:06:54.232987+05:30,176.35,,1575225
2025-09-05 11:06:54.449133+05:30,176.25,,1575225
2025-09-05 11:06:54.710297+05:30,176.25,,1575225
2025-09-05 11:06:55.188340+05:30,175.5,,1575225
2025-09-05 11:06:55.390596+05:30,175.5,,1575225
2025-09-05 11:06:56.175081+05:30,175.95,,1575225
2025-09-05 11:06:56.383878+05:30,175.95,,1575225
2025-09-05 11:06:56.659357+05:30,176.0,,1575225
2025-09-05 11:06:57.135596+05:30,176.0,,1575225
2025-09-05 11:06:57.472612+05:30,176.0,,1575225
2025-09-05 11:06:58.138726+05:30,176.0,,1575225
2025-09-05 11:06:58.459815+05:30,176.0,,1575225
2025-09-05 11:06:58.937967+05:30,176.8,,1575225
2025-09-05 11:06:59.427082+05:30,176.2,,1575225
2025-09-05 11:06:59.638804+05:30,176.75,,1575225
2025-09-05 11:07:00.138784+05:30,177.45,,1575225
2025-09-05 11:07:00.394152+05:30,177.0,,1575225
2025-09-05 11:07:01.210741+05:30,177.55,,1575225
2025-09-05 11:07:01.412395+05:30,177.55,,1575225
2025-09-05 11:07:01.638886+05:30,177.55,,1575225
2025-09-05 11:07:02.168321+05:30,176.75,,1575225
2025-09-05 11:07:02.441418+05:30,176.95,,1575225
2025-09-05 11:07:03.164022+05:30,176.95,,1575225
2025-09-05 11:07:03.413831+05:30,176.95,,1575225
2025-09-05 11:07:04.138857+05:30,177.25,,1575225
2025-09-05 11:07:04.418463+05:30,177.2,,1575225
2025-09-05 11:07:04.695321+05:30,176.75,,1575225
2025-09-05 11:07:05.198970+05:30,176.7,,1575225
2025-09-05 11:07:05.431322+05:30,176.7,,1575225
2025-09-05 11:07:06.152791+05:30,176.65,,1575225
2025-09-05 11:07:06.665841+05:30,176.65,,1575225
2025-09-05 11:07:07.134180+05:30,176.2,,1575225
2025-09-05 11:07:07.417624+05:30,176.2,,1575225
2025-09-05 11:07:08.279281+05:30,176.0,,1575225
2025-09-05 11:07:09.203455+05:30,176.0,,1575225
2025-09-05 11:07:09.724645+05:30,176.0,,1575225
2025-09-05 11:07:09.907265+05:30,176.0,,1575225
2025-09-05 11:07:11.439057+05:30,176.0,,1575225
2025-09-05 11:07:11.638633+05:30,175.4,,1575225
2025-09-05 11:07:12.145144+05:30,175.4,,1575225
2025-09-05 11:07:12.405488+05:30,175.4,,1575225
2025-09-05 11:07:13.265499+05:30,175.4,,1575225
2025-09-05 11:07:13.388648+05:30,175.4,,1575225
2025-09-05 11:07:13.966370+05:30,175.4,,1575225
2025-09-05 11:07:14.165052+05:30,174.65,,1575225
2025-09-05 11:07:14.432294+05:30,174.65,,1575225
2025-09-05 11:07:15.006691+05:30,174.5,,1575225
2025-09-05 11:07:15.172137+05:30,174.15,,1575225
2025-09-05 11:07:16.261931+05:30,174.1,,1575225
2025-09-05 11:07:16.633594+05:30,173.8,,1575225
2025-09-05 11:07:17.185317+05:30,173.85,,1575225
2025-09-05 11:07:18.173116+05:30,174.2,,1575225
2025-09-05 11:07:18.433063+05:30,174.5,,1575225
2025-09-05 11:07:19.153297+05:30,174.1,,1575225
2025-09-05 11:07:20.001735+05:30,174.05,,1575225
2025-09-05 11:07:20.133757+05:30,174.2,,1575225
2025-09-05 11:07:20.407159+05:30,174.2,,1575225
2025-09-05 11:07:21.182814+05:30,174.5,,1575225
2025-09-05 11:07:21.442971+05:30,174.2,,1575225
2025-09-05 11:07:21.948667+05:30,175.0,,1575225
2025-09-05 11:07:22.138672+05:30,175.0,,1575225
2025-09-05 11:07:23.174034+05:30,176.0,,1575225
2025-09-05 11:07:24.148175+05:30,175.8,,1575225
2025-09-05 11:07:24.427370+05:30,175.7,,1575225
2025-09-05 11:07:24.950267+05:30,175.85,,1575225
2025-09-05 11:07:25.138732+05:30,175.85,,1575225
2025-09-05 11:07:26.188140+05:30,175.95,,1575225
2025-09-05 11:07:26.927367+05:30,175.95,,1575225
2025-09-05 11:07:27.177866+05:30,175.6,,1575225
2025-09-05 11:07:27.401000+05:30,175.6,,1575225
2025-09-05 11:07:28.157880+05:30,175.35,,1575225
2025-09-05 11:07:28.385513+05:30,174.95,,1575225
2025-09-05 11:07:29.182591+05:30,174.9,,1575225
2025-09-05 11:07:29.910609+05:30,174.9,,1575225
2025-09-05 11:07:30.165600+05:30,174.65,,1575225
2025-09-05 11:07:30.475301+05:30,174.65,,1575225
2025-09-05 11:07:31.224551+05:30,174.7,,1575225
2025-09-05 11:07:31.407301+05:30,175.05,,1575225
2025-09-05 11:07:31.905410+05:30,176.0,,1575225
2025-09-05 11:07:32.140188+05:30,177.0,,1575225
2025-09-05 11:07:32.509882+05:30,176.8,,1575225
2025-09-05 11:07:33.138534+05:30,177.0,,1575225
2025-09-05 11:07:33.410818+05:30,177.0,,1575225
2025-09-05 11:07:34.211519+05:30,177.45,,1575225
2025-09-05 11:07:34.459677+05:30,177.45,,1575225
2025-09-05 11:07:34.904132+05:30,178.1,,1575225
2025-09-05 11:07:35.151513+05:30,178.05,,1575225
2025-09-05 11:07:35.437370+05:30,178.05,,1575225
2025-09-05 11:07:36.169638+05:30,177.6,,1575225
2025-09-05 11:07:36.638371+05:30,177.6,,1575225
2025-09-05 11:07:36.976381+05:30,177.6,,1575225
2025-09-05 11:07:37.138709+05:30,177.6,,1575225
2025-09-05 11:07:37.497816+05:30,177.2,,1575225
2025-09-05 11:07:38.146122+05:30,176.95,,1575225
2025-09-05 11:07:38.444376+05:30,177.05,,1575225
2025-09-05 11:07:39.175292+05:30,177.3,,1575225
2025-09-05 11:07:39.393699+05:30,176.6,,1575225
2025-09-05 11:07:39.942412+05:30,176.6,,1575225
2025-09-05 11:07:40.179381+05:30,176.1,,1575225
2025-09-05 11:07:40.423951+05:30,176.1,,1575225
2025-09-05 11:07:41.153627+05:30,176.6,,1575225
2025-09-05 11:07:41.413107+05:30,176.65,,1575225
2025-09-05 11:07:41.910621+05:30,176.65,,1575225
2025-09-05 11:07:42.220421+05:30,176.65,,1575225
2025-09-05 11:07:43.138510+05:30,176.65,,1575225
2025-09-05 11:07:43.439265+05:30,176.65,,1575225
2025-09-05 11:07:43.936908+05:30,177.0,,1575225
2025-09-05 11:07:44.959865+05:30,177.0,,1575225
2025-09-05 11:07:45.432153+05:30,177.0,,1575225
2025-09-05 11:07:45.650093+05:30,176.95,,1575225
2025-09-05 11:07:46.448311+05:30,176.95,,1575225
2025-09-05 11:07:46.910366+05:30,176.95,,1575225
2025-09-05 11:07:47.205133+05:30,176.5,,1575225
2025-09-05 11:07:47.388875+05:30,176.9,,1575225
2025-09-05 11:07:48.156233+05:30,176.5,,1575225
2025-09-05 11:07:48.440828+05:30,176.9,,1575225
2025-09-05 11:07:49.187217+05:30,177.45,,1575225
2025-09-05 11:07:50.009631+05:30,177.45,,1575225
2025-09-05 11:07:50.153987+05:30,177.45,,1575225
2025-09-05 11:07:50.388545+05:30,177.6,,1575225
2025-09-05 11:07:51.167064+05:30,178.2,,1575225
2025-09-05 11:07:51.388466+05:30,179.0,,1575225
2025-09-05 11:07:51.905212+05:30,178.6,,1575225
2025-09-05 11:07:52.183312+05:30,178.6,,1575225
2025-09-05 11:07:52.470874+05:30,178.7,,1575225
2025-09-05 11:07:53.155893+05:30,179.3,,1575225
2025-09-05 11:07:53.417802+05:30,179.3,,1575225
2025-09-05 11:07:54.242327+05:30,178.5,,1575225
2025-09-05 11:07:54.420590+05:30,178.25,,1575225
2025-09-05 11:07:54.905671+05:30,178.35,,1575225
2025-09-05 11:07:55.227337+05:30,178.35,,1575225
2025-09-05 11:07:55.422156+05:30,178.35,,1575225
2025-09-05 11:07:56.198939+05:30,178.05,,1575225
2025-09-05 11:07:56.471444+05:30,178.05,,1575225
2025-09-05 11:07:56.910642+05:30,178.05,,1575225
2025-09-05 11:07:57.156506+05:30,177.6,,1575225
2025-09-05 11:07:58.138730+05:30,177.45,,1575225
2025-09-05 11:07:58.407393+05:30,177.45,,1575225
2025-09-05 11:07:59.157399+05:30,177.7,,1575225
2025-09-05 11:07:59.424060+05:30,177.7,,1575225
2025-09-05 11:07:59.959129+05:30,177.1,,1575225
2025-09-05 11:08:00.138504+05:30,177.1,,1575225
2025-09-05 11:08:00.655917+05:30,177.1,,1575225
2025-09-05 11:08:01.178051+05:30,177.95,,1575225
2025-09-05 11:08:01.411447+05:30,178.15,,1575225
2025-09-05 11:08:01.924149+05:30,180.65,,1575225
2025-09-05 11:08:02.138443+05:30,180.0,,1575225
2025-09-05 11:08:02.638404+05:30,180.0,,1575225
2025-09-05 11:08:03.146203+05:30,179.85,,1575225
2025-09-05 11:08:03.635942+05:30,179.85,,1575225
2025-09-05 11:08:04.437180+05:30,183.5,,1575225
2025-09-05 11:08:04.938129+05:30,183.35,,1575225
2025-09-05 11:08:05.235776+05:30,183.05,,1575225
2025-09-05 11:08:05.404198+05:30,183.0,,1575225
2025-09-05 11:08:06.144765+05:30,183.15,,1575225
2025-09-05 11:08:06.432110+05:30,183.2,,1575225
2025-09-05 11:08:06.933483+05:30,184.15,,1575225
2025-09-05 11:08:07.260416+05:30,183.8,,1575225
2025-09-05 11:08:07.682272+05:30,184.05,,1575225
2025-09-05 11:08:08.195140+05:30,184.2,,1575225
2025-09-05 11:08:08.410786+05:30,184.1,,1575225
2025-09-05 11:08:09.188239+05:30,184.1,,1575225
2025-09-05 11:08:09.638289+05:30,184.2,,1575225
2025-09-05 11:08:09.911060+05:30,183.9,,1575225
2025-09-05 11:08:10.162284+05:30,184.15,,1575225
2025-09-05 11:08:10.449025+05:30,184.15,,1575225
2025-09-05 11:08:11.138309+05:30,183.5,,1575225
2025-09-05 11:08:11.416266+05:30,183.65,,1575225
2025-09-05 11:08:11.948308+05:30,183.9,,1575225
2025-09-05 11:08:12.143632+05:30,183.35,,1575225
2025-09-05 11:08:12.442533+05:30,183.9,,1575225
2025-09-05 11:08:13.248245+05:30,183.9,,1575225
2025-09-05 11:08:13.633205+05:30,183.7,,1575225
2025-09-05 11:08:14.167523+05:30,183.9,,1575225
2025-09-05 11:08:14.661968+05:30,183.85,,1575225
2025-09-05 11:08:15.138350+05:30,183.85,,1575225
2025-09-05 11:08:15.720853+05:30,183.5,,1575225
2025-09-05 11:08:16.139226+05:30,183.2,,1575225
2025-09-05 11:08:16.660093+05:30,183.15,,1575225
2025-09-05 11:08:17.173481+05:30,183.3,,1575225
2025-09-05 11:08:17.456929+05:30,183.0,,1575225
2025-09-05 11:08:18.147741+05:30,183.15,,1575225
2025-09-05 11:08:18.419984+05:30,183.15,,1575225
2025-09-05 11:08:19.209156+05:30,183.6,,1575225
2025-09-05 11:08:19.638385+05:30,183.3,,1575225
2025-09-05 11:08:20.141053+05:30,183.15,,1575225
2025-09-05 11:08:20.464306+05:30,183.6,,1575225
2025-09-05 11:08:21.138341+05:30,183.6,,1575225
2025-09-05 11:08:21.638311+05:30,183.6,,1575225
2025-09-05 11:08:22.155761+05:30,183.45,,1575225
2025-09-05 11:08:22.421368+05:30,183.45,,1575225
2025-09-05 11:08:22.888332+05:30,183.6,,1575225
2025-09-05 11:08:23.155341+05:30,183.4,,1575225
2025-09-05 11:08:23.405221+05:30,183.35,,1575225
2025-09-05 11:08:24.254819+05:30,183.3,,1575225
2025-09-05 11:08:24.391543+05:30,183.0,,1575225
2025-09-05 11:08:24.640284+05:30,183.3,,1575225
2025-09-05 11:08:25.198681+05:30,184.2,,1575225
2025-09-05 11:08:25.402281+05:30,184.2,,1575225
2025-09-05 11:08:26.218231+05:30,183.7,,1575225
2025-09-05 11:08:26.396523+05:30,184.0,,1575225
2025-09-05 11:08:27.143332+05:30,184.35,,1575225
2025-09-05 11:08:27.480659+05:30,183.35,,1575225
2025-09-05 11:08:27.926426+05:30,183.55,,1575225
2025-09-05 11:08:28.228556+05:30,183.15,,1575225
2025-09-05 11:08:28.410608+05:30,183.7,,1575225
2025-09-05 11:08:29.247909+05:30,183.75,,1575225
2025-09-05 11:08:29.391495+05:30,183.2,,1575225
2025-09-05 11:08:29.687110+05:30,183.2,,1575225
2025-09-05 11:08:30.245032+05:30,183.45,,1575225
2025-09-05 11:08:30.407697+05:30,183.45,,1575225
2025-09-05 11:08:31.149381+05:30,183.6,,1575225
2025-09-05 11:08:32.165334+05:30,183.45,,1575225
2025-09-05 11:08:32.433625+05:30,183.8,,1575225
2025-09-05 11:08:32.638202+05:30,184.45,,1575225
2025-09-05 11:08:32.894517+05:30,184.7,,1575225
2025-09-05 11:08:33.211876+05:30,184.2,,1575225
2025-09-05 11:08:33.717266+05:30,184.2,,1575225
2025-09-05 11:08:34.297782+05:30,184.4,,1575225
2025-09-05 11:08:34.431328+05:30,184.3,,1575225
2025-09-05 11:08:34.643600+05:30,184.3,,1575225
2025-09-05 11:08:35.227073+05:30,184.15,,1575225
2025-09-05 11:08:35.692335+05:30,184.65,,1575225
2025-09-05 11:08:36.156944+05:30,184.0,,1575225
2025-09-05 11:08:36.638208+05:30,184.0,,1575225
2025-09-05 11:08:37.272070+05:30,184.4,,1575225
2025-09-05 11:08:37.412050+05:30,184.4,,1575225
2025-09-05 11:08:37.660384+05:30,184.7,,1575225
2025-09-05 11:08:37.884553+05:30,184.9,,1575225
2025-09-05 11:08:38.245743+05:30,184.9,,1575225
2025-09-05 11:08:38.388412+05:30,184.3,,1575225
2025-09-05 11:08:39.239670+05:30,183.95,,1575225
2025-09-05 11:08:39.400385+05:30,183.9,,1575225
2025-09-05 11:08:40.203316+05:30,184.1,,1575225
2025-09-05 11:08:40.400396+05:30,184.1,,1575225
2025-09-05 11:08:41.162142+05:30,183.5,,1575225
2025-09-05 11:08:41.388135+05:30,184.1,,1575225
2025-09-05 11:08:42.160526+05:30,184.2,,1575225
2025-09-05 11:08:42.638459+05:30,183.85,,1575225
2025-09-05 11:08:42.884418+05:30,183.8,,1575225
2025-09-05 11:08:43.311253+05:30,183.4,,1575225
2025-09-05 11:08:43.412565+05:30,183.4,,1575225
2025-09-05 11:08:44.168676+05:30,183.8,,1575225
2025-09-05 11:08:44.396181+05:30,184.05,,1575225
2025-09-05 11:08:45.252107+05:30,184.0,,1575225
2025-09-05 11:08:45.466275+05:30,183.8,,1575225
2025-09-05 11:08:45.889098+05:30,183.85,,1575225
2025-09-05 11:08:46.229041+05:30,182.05,,1575225
2025-09-05 11:08:46.410190+05:30,182.4,,1575225
2025-09-05 11:08:47.160602+05:30,182.4,,1575225
2025-09-05 11:08:47.452733+05:30,181.9,,1575225
2025-09-05 11:08:47.643282+05:30,181.9,,1575225
2025-09-05 11:08:48.210359+05:30,181.1,,1575225
2025-09-05 11:08:48.447124+05:30,181.9,,1575225
2025-09-05 11:08:49.237513+05:30,180.9,,1575225
2025-09-05 11:08:49.456614+05:30,181.1,,1575225
2025-09-05 11:08:50.269565+05:30,181.05,,1575225
2025-09-05 11:08:50.423413+05:30,180.9,,1575225
2025-09-05 11:08:50.888061+05:30,181.75,,1575225
2025-09-05 11:08:51.143528+05:30,181.1,,1575225
2025-09-05 11:08:51.391603+05:30,181.0,,1575225
2025-09-05 11:08:52.172986+05:30,180.6,,1575225
2025-09-05 11:08:52.633129+05:30,180.65,,1575225
2025-09-05 11:08:53.172635+05:30,180.35,,1575225
2025-09-05 11:08:53.448969+05:30,180.35,,1575225
2025-09-05 11:08:54.162723+05:30,179.75,,1575225
2025-09-05 11:08:54.471382+05:30,179.75,,1575225
2025-09-05 11:08:55.225868+05:30,179.85,,1575225
2025-09-05 11:08:55.660047+05:30,179.85,,1575225
2025-09-05 11:08:55.911084+05:30,179.95,,1575225
2025-09-05 11:08:56.146659+05:30,179.95,,1575225
2025-09-05 11:08:56.659938+05:30,179.3,,1575225
2025-09-05 11:08:57.225806+05:30,179.9,,1575225
2025-09-05 11:08:57.397662+05:30,178.8,,1575225
2025-09-05 11:08:57.640624+05:30,178.9,,1575225
2025-09-05 11:08:58.168242+05:30,179.15,,1575225
2025-09-05 11:08:58.478724+05:30,179.3,,1575225
2025-09-05 11:08:59.154752+05:30,178.5,,1575225
2025-09-05 11:08:59.390044+05:30,178.8,,1575225
2025-09-05 11:09:00.148336+05:30,178.65,,1575225
2025-09-05 11:09:00.709132+05:30,178.65,,1575225
2025-09-05 11:09:00.905648+05:30,178.15,,1575225
2025-09-05 11:09:01.235890+05:30,178.1,,1575225
2025-09-05 11:09:01.400500+05:30,178.4,,1575225
2025-09-05 11:09:02.223702+05:30,177.6,,1575225
2025-09-05 11:09:02.428078+05:30,178.45,,1575225
2025-09-05 11:09:02.662096+05:30,178.65,,1575225
2025-09-05 11:09:03.149776+05:30,178.1,,1575225
2025-09-05 11:09:03.475792+05:30,178.1,,1575225
2025-09-05 11:09:04.191533+05:30,178.35,,1575225
2025-09-05 11:09:04.415298+05:30,178.05,,1575225
2025-09-05 11:09:05.144696+05:30,178.2,,1575225
2025-09-05 11:09:05.642075+05:30,178.5,,1575225
2025-09-05 11:09:05.887999+05:30,178.45,,1575225
2025-09-05 11:09:06.230333+05:30,178.45,,1575225
2025-09-05 11:09:06.400328+05:30,179.75,,1575225
2025-09-05 11:09:07.138138+05:30,179.0,,1575225
2025-09-05 11:09:07.416235+05:30,178.3,,1575225
2025-09-05 11:09:07.637976+05:30,178.4,,1575225
2025-09-05 11:09:08.165426+05:30,178.4,,1575225
2025-09-05 11:09:08.460631+05:30,178.05,,1575225
2025-09-05 11:09:09.169143+05:30,178.45,,1575225
2025-09-05 11:09:09.442154+05:30,178.45,,1575225
2025-09-05 11:09:09.665288+05:30,178.45,,1575225
2025-09-05 11:09:10.401637+05:30,178.55,,1575225
2025-09-05 11:09:10.888499+05:30,178.2,,1575225
2025-09-05 11:09:11.160134+05:30,178.2,,1575225
2025-09-05 11:09:11.388359+05:30,178.2,,1575225
2025-09-05 11:09:12.150480+05:30,178.0,,1575225
2025-09-05 11:09:12.415812+05:30,178.05,,1575225
2025-09-05 11:09:12.660099+05:30,178.3,,1575225
2025-09-05 11:09:13.160581+05:30,178.0,,1575225
2025-09-05 11:09:13.654687+05:30,177.85,,1575225
2025-09-05 11:09:14.411057+05:30,177.85,,1575225
2025-09-05 11:09:15.241880+05:30,178.35,,1575225
2025-09-05 11:09:15.887912+05:30,178.35,,1575225
2025-09-05 11:09:16.160683+05:30,179.6,,1575225
2025-09-05 11:09:16.634099+05:30,179.6,,1575225
2025-09-05 11:09:17.406305+05:30,180.95,,1575225
2025-09-05 11:09:17.643464+05:30,181.2,,1575225
2025-09-05 11:09:18.165108+05:30,181.45,,1575225
2025-09-05 11:09:18.421158+05:30,181.45,,1575225
2025-09-05 11:09:19.203141+05:30,182.2,,1575225
2025-09-05 11:09:19.413480+05:30,182.45,,1575225
2025-09-05 11:09:20.248734+05:30,183.75,,1575225
2025-09-05 11:09:20.468742+05:30,183.5,,1575225
2025-09-05 11:09:20.888025+05:30,183.95,,1575225
2025-09-05 11:09:21.458855+05:30,184.5,,1575225
2025-09-05 11:09:22.448463+05:30,183.65,,1575225
2025-09-05 11:09:22.637823+05:30,183.65,,1575225
2025-09-05 11:09:23.489235+05:30,183.8,,1575225
2025-09-05 11:09:24.243237+05:30,183.85,,1575225
2025-09-05 11:09:24.452389+05:30,183.8,,1575225
2025-09-05 11:09:25.204045+05:30,183.65,,1575225
2025-09-05 11:09:25.423301+05:30,183.65,,1575225
2025-09-05 11:09:25.909682+05:30,183.5,,1575225
2025-09-05 11:09:26.166541+05:30,183.5,,1575225
2025-09-05 11:09:26.475128+05:30,183.6,,1575225
2025-09-05 11:09:27.390036+05:30,184.6,,1575225
2025-09-05 11:09:27.637896+05:30,184.6,,1575225
2025-09-05 11:09:28.454064+05:30,185.0,,1575225
2025-09-05 11:09:29.197532+05:30,184.05,,1575225
2025-09-05 11:09:29.456315+05:30,184.05,,1575225
2025-09-05 11:09:30.419390+05:30,184.5,,1575225
2025-09-05 11:09:30.889372+05:30,183.5,,1575225
2025-09-05 11:09:31.426582+05:30,183.7,,1575225
2025-09-05 11:09:32.160867+05:30,183.9,,1575225
2025-09-05 11:09:32.409669+05:30,183.6,,1575225
2025-09-05 11:09:32.887885+05:30,183.6,,1575225
2025-09-05 11:09:33.421554+05:30,182.75,,1575225
2025-09-05 11:09:33.632729+05:30,182.75,,1575225
2025-09-05 11:09:34.246147+05:30,182.1,,1575225
2025-09-05 11:09:34.439434+05:30,182.1,,1575225
2025-09-05 11:09:35.171724+05:30,182.7,,1575225
2025-09-05 11:09:35.701672+05:30,182.4,,1575225
2025-09-05 11:09:35.904619+05:30,182.4,,1575225
2025-09-05 11:09:36.206302+05:30,182.4,,1575225
2025-09-05 11:09:37.171197+05:30,181.9,,1575225
2025-09-05 11:09:37.443594+05:30,181.9,,1575225
2025-09-05 11:09:37.637960+05:30,181.9,,1575225
2025-09-05 11:09:38.201235+05:30,182.9,,1575225
2025-09-05 11:09:38.394924+05:30,183.0,,1575225
2025-09-05 11:09:39.172663+05:30,183.5,,1575225
2025-09-05 11:09:39.414902+05:30,183.5,,1575225
2025-09-05 11:09:40.172558+05:30,183.3,,1575000
2025-09-05 11:09:40.387945+05:30,183.6,,1575000
2025-09-05 11:09:40.654316+05:30,183.8,,1575000
2025-09-05 11:09:41.160518+05:30,183.95,,1575000
2025-09-05 11:09:41.388065+05:30,183.95,,1575000
2025-09-05 11:09:42.178230+05:30,184.0,,1575000
2025-09-05 11:09:42.459155+05:30,184.0,,1575000
2025-09-05 11:09:43.249049+05:30,184.05,,1575000
2025-09-05 11:09:43.383504+05:30,184.05,,1575000
2025-09-05 11:09:43.899764+05:30,184.1,,1575000
2025-09-05 11:09:44.149532+05:30,184.05,,1575000
2025-09-05 11:09:44.654819+05:30,184.65,,1575000
2025-09-05 11:09:45.480939+05:30,184.15,,1575000
2025-09-05 11:09:45.887701+05:30,184.1,,1575000
2025-09-05 11:09:46.406598+05:30,184.65,,1575000
2025-09-05 11:09:47.198462+05:30,185.0,,1575000
2025-09-05 11:09:47.384076+05:30,184.4,,1575000
2025-09-05 11:09:48.189906+05:30,184.65,,1575000
2025-09-05 11:09:48.384514+05:30,184.7,,1575000
2025-09-05 11:09:48.914663+05:30,184.8,,1575000
2025-09-05 11:09:49.160157+05:30,184.65,,1575000
2025-09-05 11:09:49.416129+05:30,184.65,,1575000
2025-09-05 11:09:50.387741+05:30,185.1,,1575000
2025-09-05 11:09:51.434861+05:30,185.1,,1575000
2025-09-05 11:09:52.170413+05:30,185.8,,1575000
2025-09-05 11:09:52.417679+05:30,186.15,,1575000
2025-09-05 11:09:53.460628+05:30,187.0,,1575000
2025-09-05 11:09:53.931233+05:30,187.5,,1575000
2025-09-05 11:09:54.390456+05:30,188.55,,1575000
2025-09-05 11:09:55.219577+05:30,187.7,,1575000
2025-09-05 11:09:55.383738+05:30,187.6,,1575000
2025-09-05 11:09:56.513574+05:30,187.7,,1575000
2025-09-05 11:09:57.164067+05:30,187.55,,1575000
2025-09-05 11:09:57.408246+05:30,187.45,,1575000
2025-09-05 11:09:58.137733+05:30,187.2,,1575000
2025-09-05 11:09:58.495531+05:30,187.45,,1575000
2025-09-05 11:09:58.671858+05:30,187.4,,1575000
2025-09-05 11:09:59.219517+05:30,186.6,,1575000
2025-09-05 11:09:59.471911+05:30,187.2,,1575000
2025-09-05 11:10:00.241355+05:30,187.1,,1575000
2025-09-05 11:10:00.654950+05:30,186.85,,1575000
2025-09-05 11:10:01.220428+05:30,186.3,,1575000
2025-09-05 11:10:01.449259+05:30,186.65,,1575000
2025-09-05 11:10:01.887655+05:30,186.5,,1575000
2025-09-05 11:10:02.395587+05:30,186.65,,1575000
2025-09-05 11:10:03.460237+05:30,186.8,,1575000
2025-09-05 11:10:03.636692+05:30,186.6,,1575000
2025-09-05 11:10:03.906142+05:30,187.0,,1575000
2025-09-05 11:10:04.485606+05:30,187.25,,1575000
2025-09-05 11:10:05.237048+05:30,186.9,,1575000
2025-09-05 11:10:05.460569+05:30,186.9,,1575000
2025-09-05 11:10:06.191700+05:30,186.8,,1575000
2025-09-05 11:10:06.637644+05:30,186.85,,1575000
2025-09-05 11:10:06.914574+05:30,186.85,,1575000
2025-09-05 11:10:07.180296+05:30,186.85,,1575000
2025-09-05 11:10:07.466691+05:30,186.95,,1575000
2025-09-05 11:10:08.252974+05:30,188.2,,1575000
2025-09-05 11:10:08.471427+05:30,188.55,,1575000
2025-09-05 11:10:08.681488+05:30,188.55,,1575000
2025-09-05 11:10:09.194932+05:30,188.3,,1575000
2025-09-05 11:10:09.409384+05:30,188.6,,1575000
2025-09-05 11:10:10.218139+05:30,189.6,,1575000
2025-09-05 11:10:10.392777+05:30,189.6,,1575000
2025-09-05 11:10:11.495772+05:30,189.3,,1575000
2025-09-05 11:10:11.890938+05:30,189.4,,1575000
2025-09-05 11:10:12.182755+05:30,189.1,,1575000
2025-09-05 11:10:12.406269+05:30,189.5,,1575000
2025-09-05 11:10:13.388076+05:30,189.2,,1575000
2025-09-05 11:10:13.704110+05:30,189.2,,1575000
2025-09-05 11:10:14.496096+05:30,188.5,,1575000
2025-09-05 11:10:15.233307+05:30,188.7,,1575000
2025-09-05 11:10:15.467229+05:30,188.75,,1575000
2025-09-05 11:10:16.219486+05:30,188.6,,1575000
2025-09-05 11:10:16.685974+05:30,189.1,,1575000
2025-09-05 11:10:17.400849+05:30,189.1,,1575000
2025-09-05 11:10:18.208196+05:30,189.0,,1575000
2025-09-05 11:10:18.446111+05:30,189.5,,1575000
2025-09-05 11:10:19.487597+05:30,189.3,,1575000
2025-09-05 11:10:19.887591+05:30,189.55,,1575000
2025-09-05 11:10:20.422580+05:30,189.45,,1575000
2025-09-05 11:10:21.227647+05:30,189.1,,1575000
2025-09-05 11:10:21.502614+05:30,189.1,,1575000
2025-09-05 11:10:21.659938+05:30,189.1,,1575000
2025-09-05 11:10:21.887453+05:30,188.55,,1575000
2025-09-05 11:10:22.406853+05:30,188.0,,1575000
2025-09-05 11:10:23.164519+05:30,188.65,,1575000
2025-09-05 11:10:23.383638+05:30,188.65,,1575000
2025-09-05 11:10:24.405223+05:30,188.2,,1575000
2025-09-05 11:10:24.965227+05:30,188.5,,1575000
2025-09-05 11:10:25.405823+05:30,188.6,,1575000
2025-09-05 11:10:26.399068+05:30,189.1,,1575000
2025-09-05 11:10:26.893529+05:30,189.1,,1575000
2025-09-05 11:10:27.466477+05:30,189.1,,1575000
2025-09-05 11:10:28.163099+05:30,189.2,,1575000
2025-09-05 11:10:28.382876+05:30,189.3,,1575000
2025-09-05 11:10:29.409640+05:30,188.55,,1575000
2025-09-05 11:10:29.964988+05:30,188.55,,1575000
2025-09-05 11:10:30.387891+05:30,187.7,,1575000
2025-09-05 11:10:30.635394+05:30,187.7,,1575000
2025-09-05 11:10:31.919595+05:30,188.35,,1575000
2025-09-05 11:10:32.174435+05:30,188.3,,1575000
2025-09-05 11:10:33.414304+05:30,186.85,,1575000
2025-09-05 11:10:35.911868+05:30,187.35,,1575000
2025-09-05 11:10:36.137430+05:30,186.75,,1575000
2025-09-05 11:10:36.892662+05:30,186.4,,1575000
2025-09-05 11:10:37.686198+05:30,186.85,,1575000
2025-09-05 11:10:38.151851+05:30,186.05,,1575000
2025-09-05 11:10:38.458503+05:30,186.05,,1575000
2025-09-05 11:10:39.394768+05:30,186.45,,1575000
2025-09-05 11:10:39.909449+05:30,186.45,,1575000
2025-09-05 11:10:40.197986+05:30,186.45,,1575000
2025-09-05 11:10:40.427429+05:30,186.45,,1575000
2025-09-05 11:10:40.887924+05:30,186.5,,1575000
2025-09-05 11:10:41.405302+05:30,187.0,,1575000
2025-09-05 11:10:41.637514+05:30,187.2,,1575000
2025-09-05 11:10:41.891319+05:30,187.2,,1575000
2025-09-05 11:10:42.415031+05:30,186.05,,1575000
2025-09-05 11:10:42.637574+05:30,185.9,,1575000
2025-09-05 11:10:43.150396+05:30,186.0,,1575000
2025-09-05 11:10:43.429647+05:30,186.0,,1575000
2025-09-05 11:10:44.204275+05:30,185.65,,1575000
2025-09-05 11:10:44.659300+05:30,185.65,,1575000
2025-09-05 11:10:44.887529+05:30,185.65,,1575000
2025-09-05 11:10:45.217138+05:30,185.35,,1575000
2025-09-05 11:10:45.406268+05:30,185.4,,1575000
2025-09-05 11:10:46.400498+05:30,185.1,,1575000
2025-09-05 11:10:46.637248+05:30,184.9,,1575000
2025-09-05 11:10:47.485687+05:30,185.6,,1575000
2025-09-05 11:10:48.239535+05:30,186.2,,1575000
2025-09-05 11:10:48.504502+05:30,185.75,,1575000
2025-09-05 11:10:49.400172+05:30,186.65,,1575000
2025-09-05 11:10:49.681442+05:30,186.65,,1575000
2025-09-05 11:10:50.168444+05:30,185.6,,1575000
2025-09-05 11:10:50.717827+05:30,185.7,,1575000
2025-09-05 11:10:51.140569+05:30,185.7,,1575000
2025-09-05 11:10:51.417717+05:30,185.7,,1575000
2025-09-05 11:10:51.642739+05:30,185.7,,1575000
2025-09-05 11:10:52.443825+05:30,185.9,,1575000
2025-09-05 11:10:52.887366+05:30,185.9,,1575000
2025-09-05 11:10:53.213372+05:30,186.0,,1575000
2025-09-05 11:10:53.401166+05:30,186.0,,1575000
2025-09-05 11:10:54.404722+05:30,186.45,,1575000
2025-09-05 11:10:54.687266+05:30,186.45,,1575000
2025-09-05 11:10:55.399277+05:30,186.4,,1575000
2025-09-05 11:10:56.435790+05:30,185.55,,1575000
2025-09-05 11:10:56.649590+05:30,184.55,,1575000
2025-09-05 11:10:57.164148+05:30,183.0,,1575000
2025-09-05 11:10:57.637309+05:30,183.0,,1575000
2025-09-05 11:10:57.920371+05:30,182.35,,1575000
2025-09-05 11:10:58.388120+05:30,182.75,,1575000
2025-09-05 11:10:59.250664+05:30,183.1,,1575000
2025-09-05 11:10:59.663634+05:30,183.8,,1575000
2025-09-05 11:10:59.909160+05:30,183.8,,1575000
2025-09-05 11:11:00.451111+05:30,184.1,,1575000
2025-09-05 11:11:00.664510+05:30,184.1,,1575000
2025-09-05 11:11:01.409893+05:30,185.05,,1575000
2025-09-05 11:11:02.892396+05:30,184.7,,1575000
2025-09-05 11:11:03.266315+05:30,184.7,,1575000
2025-09-05 11:11:03.425622+05:30,184.15,,1575000
2025-09-05 11:11:04.227257+05:30,184.55,,1575000
2025-09-05 11:11:04.392463+05:30,184.0,,1575000
2025-09-05 11:11:04.637510+05:30,184.5,,1575000
2025-09-05 11:11:04.904373+05:30,184.5,,1575000
2025-09-05 11:11:05.159283+05:30,184.45,,1575000
2025-09-05 11:11:05.428757+05:30,184.45,,1575000
2025-09-05 11:11:06.170024+05:30,184.45,,1575000
2025-09-05 11:11:06.496159+05:30,184.45,,1575000
2025-09-05 11:11:07.216453+05:30,184.6,,1575000
2025-09-05 11:11:07.887307+05:30,185.5,,1575000
2025-09-05 11:11:08.223912+05:30,185.5,,1575000
2025-09-05 11:11:08.409474+05:30,185.5,,1575000
2025-09-05 11:11:09.160840+05:30,185.55,,1575000
2025-09-05 11:11:09.715414+05:30,185.55,,1575000
2025-09-05 11:11:09.909498+05:30,185.55,,1575000
2025-09-05 11:11:11.209462+05:30,185.55,,1575000
2025-09-05 11:11:11.406081+05:30,185.55,,1575000
2025-09-05 11:11:12.195809+05:30,184.95,,1575000
2025-09-05 11:11:13.181302+05:30,184.95,,1575000
2025-09-05 11:11:13.410935+05:30,184.7,,1575000
2025-09-05 11:11:13.692199+05:30,184.5,,1575000
2025-09-05 11:11:14.387422+05:30,185.0,,1575000
2025-09-05 11:11:14.687741+05:30,185.0,,1575000
2025-09-05 11:11:14.909500+05:30,185.0,,1575000
2025-09-05 11:11:15.637227+05:30,184.6,,1575000
2025-09-05 11:11:16.176212+05:30,184.6,,1575000
2025-09-05 11:11:16.461806+05:30,184.6,,1575000
2025-09-05 11:11:16.897259+05:30,184.2,,1575000
2025-09-05 11:11:17.405269+05:30,184.2,,1575000
2025-09-05 11:11:18.159619+05:30,183.45,,1575000
2025-09-05 11:11:18.465057+05:30,183.45,,1575000
2025-09-05 11:11:19.411159+05:30,184.15,,1575000
2025-09-05 11:11:19.904575+05:30,184.15,,1575000
2025-09-05 11:11:20.170439+05:30,183.65,,1575000
2025-09-05 11:11:20.406768+05:30,183.65,,1575000
2025-09-05 11:11:21.432472+05:30,183.9,,1575000
2025-09-05 11:11:22.420197+05:30,183.9,,1575000
2025-09-05 11:11:22.891328+05:30,183.9,,1575000
2025-09-05 11:11:23.154990+05:30,183.9,,1575000
2025-09-05 11:11:23.926371+05:30,184.6,,1575000
2025-09-05 11:11:24.447354+05:30,184.4,,1575000
2025-09-05 11:11:24.652148+05:30,184.4,,1575000
2025-09-05 11:11:25.915377+05:30,184.35,,1575000
2025-09-05 11:11:26.177135+05:30,184.35,,1575000
2025-09-05 11:11:26.899419+05:30,184.5,,1575000
2025-09-05 11:11:27.400321+05:30,184.55,,1575000
2025-09-05 11:11:27.904337+05:30,185.0,,1575000
2025-09-05 11:11:28.159837+05:30,185.0,,1575000
2025-09-05 11:11:28.392205+05:30,185.45,,1575000
2025-09-05 11:11:29.453388+05:30,185.45,,1575000
2025-09-05 11:11:29.637381+05:30,184.0,,1575000
2025-09-05 11:11:30.441031+05:30,184.55,,1575000
2025-09-05 11:11:30.697371+05:30,184.0,,1575000
2025-09-05 11:11:31.169777+05:30,184.25,,1575000
2025-09-05 11:11:31.397100+05:30,184.25,,1575000
2025-09-05 11:11:32.404818+05:30,184.4,,1575000
2025-09-05 11:11:32.925439+05:30,184.25,,1575000
2025-09-05 11:11:33.479899+05:30,184.0,,1575000
2025-09-05 11:11:34.420262+05:30,184.0,,1575000
2025-09-05 11:11:34.650109+05:30,184.45,,1575000
2025-09-05 11:11:35.415131+05:30,183.3,,1575000
2025-09-05 11:11:35.887486+05:30,183.3,,1575000
2025-09-05 11:11:36.197368+05:30,184.2,,1575000
2025-09-05 11:11:36.473833+05:30,184.2,,1575000
2025-09-05 11:11:37.421859+05:30,183.8,,1575000
2025-09-05 11:11:37.637510+05:30,183.85,,1575000
2025-09-05 11:11:38.383495+05:30,183.75,,1575000
2025-09-05 11:11:38.641955+05:30,183.75,,1575000
2025-09-05 11:11:39.167637+05:30,183.7,,1575000
