time,last_price,volume,oi
2025-09-05 10:55:52.839556+05:30,282.5,,798750
2025-09-05 10:55:53.027042+05:30,282.25,,798750
2025-09-05 10:55:53.475640+05:30,282.2,,798750
2025-09-05 10:55:53.916393+05:30,282.2,,798750
2025-09-05 10:55:54.431917+05:30,282.2,,798750
2025-09-05 10:55:55.166105+05:30,282.2,,798750
2025-09-05 10:55:56.422762+05:30,282.2,,798750
2025-09-05 10:55:56.704862+05:30,282.15,,798750
2025-09-05 10:55:57.923951+05:30,281.95,,798750
2025-09-05 10:55:58.392815+05:30,281.95,,798750
2025-09-05 10:55:59.671452+05:30,282.2,,798750
2025-09-05 10:56:00.156620+05:30,280.15,,798750
2025-09-05 10:56:00.469529+05:30,280.15,,798750
2025-09-05 10:56:00.915174+05:30,281.2,,798750
2025-09-05 10:56:01.397966+05:30,281.2,,798750
2025-09-05 10:56:01.704131+05:30,281.2,,798750
2025-09-05 10:56:02.166177+05:30,281.5,,798750
2025-09-05 10:56:02.950838+05:30,282.6,,798750
2025-09-05 10:56:03.409461+05:30,282.6,,798750
2025-09-05 10:56:03.955163+05:30,282.6,,798750
2025-09-05 10:56:04.392675+05:30,282.25,,798750
2025-09-05 10:56:04.929659+05:30,282.25,,798750
2025-09-05 10:56:05.147084+05:30,282.25,,798750
2025-09-05 10:56:05.925151+05:30,281.8,,798750
2025-09-05 10:56:06.433684+05:30,281.9,,798750
2025-09-05 10:56:06.644739+05:30,281.9,,798750
2025-09-05 10:56:06.923951+05:30,281.9,,798750
2025-09-05 10:56:07.910649+05:30,282.95,,798750
2025-09-05 10:56:08.664527+05:30,284.15,,798750
2025-09-05 10:56:08.894564+05:30,284.0,,798750
2025-09-05 10:56:09.472803+05:30,283.75,,798750
2025-09-05 10:56:09.954657+05:30,283.75,,798750
2025-09-05 10:56:10.142696+05:30,283.75,,798750
2025-09-05 10:56:11.450751+05:30,283.75,,798750
2025-09-05 10:56:11.670733+05:30,283.75,,798750
2025-09-05 10:56:12.901759+05:30,282.95,,798750
2025-09-05 10:56:13.446493+05:30,282.95,,798750
2025-09-05 10:56:13.909716+05:30,280.95,,798750
2025-09-05 10:56:14.545932+05:30,280.95,,798750
2025-09-05 10:56:15.188688+05:30,280.95,,798750
2025-09-05 10:56:15.642637+05:30,281.75,,798750
2025-09-05 10:56:15.955777+05:30,281.75,,798750
2025-09-05 10:56:16.431356+05:30,281.75,,798750
2025-09-05 10:56:16.718333+05:30,281.75,,798750
2025-09-05 10:56:17.148660+05:30,280.4,,798750
2025-09-05 10:56:17.914315+05:30,281.2,,798750
2025-09-05 10:56:18.480459+05:30,280.9,,798750
2025-09-05 10:56:18.892630+05:30,280.9,,798750
2025-09-05 10:56:19.666229+05:30,280.9,,798750
2025-09-05 10:56:19.915973+05:30,281.85,,798750
2025-09-05 10:56:20.178742+05:30,281.85,,798750
2025-09-05 10:56:20.900342+05:30,280.0,,798750
2025-09-05 10:56:21.464171+05:30,279.85,,798750
2025-09-05 10:56:21.956442+05:30,279.85,,798750
2025-09-05 10:56:22.985288+05:30,282.25,,798750
2025-09-05 10:56:23.436516+05:30,282.25,,798750
2025-09-05 10:56:23.945230+05:30,282.25,,798750
2025-09-05 10:56:24.450722+05:30,282.25,,798750
2025-09-05 10:56:24.970145+05:30,283.75,,798750
2025-09-05 10:56:25.166297+05:30,284.2,,798750
2025-09-05 10:56:25.924767+05:30,283.25,,798750
2025-09-05 10:56:26.446326+05:30,283.95,,798750
2025-09-05 10:56:26.893196+05:30,283.3,,798750
2025-09-05 10:56:28.142367+05:30,283.3,,798750
2025-09-05 10:56:28.420835+05:30,284.4,,798750
2025-09-05 10:56:29.419851+05:30,284.0,,798750
2025-09-05 10:56:30.458167+05:30,284.0,,798750
2025-09-05 10:56:31.642606+05:30,283.05,,798750
2025-09-05 10:56:31.952290+05:30,283.05,,798750
2025-09-05 10:56:32.654517+05:30,283.05,,798750
2025-09-05 10:56:33.170680+05:30,283.55,,798750
2025-09-05 10:56:33.687806+05:30,283.55,,798750
2025-09-05 10:56:34.434771+05:30,282.6,,798750
2025-09-05 10:56:34.901605+05:30,281.9,,798750
2025-09-05 10:56:35.409390+05:30,281.9,,798750
2025-09-05 10:56:36.164624+05:30,281.8,,798750
2025-09-05 10:56:36.941077+05:30,281.6,,798750
2025-09-05 10:56:37.915127+05:30,281.2,,798750
2025-09-05 10:56:38.431222+05:30,281.0,,798750
2025-09-05 10:56:38.897755+05:30,281.0,,798750
2025-09-05 10:56:39.717311+05:30,281.0,,798750
2025-09-05 10:56:40.142780+05:30,281.0,,798750
2025-09-05 10:56:40.642577+05:30,281.55,,798750
2025-09-05 10:56:41.392835+05:30,281.35,,798750
2025-09-05 10:56:41.887500+05:30,281.35,,798750
2025-09-05 10:56:43.159433+05:30,281.95,,798750
2025-09-05 10:56:43.392532+05:30,281.95,,798750
2025-09-05 10:56:44.669753+05:30,281.95,,798750
2025-09-05 10:56:45.431300+05:30,281.95,,798750
2025-09-05 10:56:46.397577+05:30,281.95,,798750
2025-09-05 10:56:46.893077+05:30,281.95,,798750
2025-09-05 10:56:48.138640+05:30,280.6,,798750
2025-09-05 10:56:48.451357+05:30,280.95,,798750
2025-09-05 10:56:48.892425+05:30,280.0,,798750
2025-09-05 10:56:49.674301+05:30,278.75,,798750
2025-09-05 10:56:49.892580+05:30,278.75,,798750
2025-09-05 10:56:50.137445+05:30,278.75,,798750
2025-09-05 10:56:51.486569+05:30,278.75,,798750
2025-09-05 10:56:51.940378+05:30,277.6,,798750
2025-09-05 10:56:52.147544+05:30,277.6,,798750
2025-09-05 10:56:53.147431+05:30,278.75,,798750
2025-09-05 10:56:53.420153+05:30,278.75,,798750
2025-09-05 10:56:54.440323+05:30,279.35,,798750
2025-09-05 10:56:54.659215+05:30,279.35,,798750
2025-09-05 10:56:55.420712+05:30,279.35,,798750
2025-09-05 10:56:56.392661+05:30,279.35,,798750
2025-09-05 10:56:56.893076+05:30,279.35,,798750
2025-09-05 10:56:57.196239+05:30,277.95,,798750
2025-09-05 10:56:57.393120+05:30,277.95,,798750
2025-09-05 10:56:57.906254+05:30,277.8,,798750
2025-09-05 10:56:58.142446+05:30,277.65,,798750
2025-09-05 10:56:58.762165+05:30,277.5,,798750
2025-09-05 10:56:58.892347+05:30,277.0,,798750
2025-09-05 10:56:59.897629+05:30,276.95,,798750
2025-09-05 10:57:00.409196+05:30,276.95,,798750
2025-09-05 10:57:00.692662+05:30,276.95,,798750
2025-09-05 10:57:00.959535+05:30,275.3,,798750
2025-09-05 10:57:01.393278+05:30,274.0,,798750
2025-09-05 10:57:01.897388+05:30,274.0,,798750
2025-09-05 10:57:02.915598+05:30,274.25,,798750
2025-09-05 10:57:03.392246+05:30,274.8,,798750
2025-09-05 10:57:03.892223+05:30,273.75,,798750
2025-09-05 10:57:04.638811+05:30,273.75,,798750
2025-09-05 10:57:04.897380+05:30,273.3,,798750
2025-09-05 10:57:05.142316+05:30,273.3,,798750
2025-09-05 10:57:05.946977+05:30,272.95,,798750
2025-09-05 10:57:06.419381+05:30,273.1,,798750
2025-09-05 10:57:06.936923+05:30,273.1,,798750
2025-09-05 10:57:07.976813+05:30,273.6,,798750
2025-09-05 10:57:08.142267+05:30,273.6,,798750
2025-09-05 10:57:08.427417+05:30,273.6,,798750
2025-09-05 10:57:09.181741+05:30,274.65,,798750
2025-09-05 10:57:09.647517+05:30,274.5,,798750
2025-09-05 10:57:09.887798+05:30,274.5,,798750
2025-09-05 10:57:10.409378+05:30,274.5,,798750
2025-09-05 10:57:11.463632+05:30,274.5,,798750
2025-09-05 10:57:11.897446+05:30,274.5,,798750
2025-09-05 10:57:12.190864+05:30,273.25,,798750
2025-09-05 10:57:12.973058+05:30,273.25,,798750
2025-09-05 10:57:13.200594+05:30,273.25,,798750
2025-09-05 10:57:13.642235+05:30,274.35,,798750
2025-09-05 10:57:13.931609+05:30,274.3,,798750
2025-09-05 10:57:14.642349+05:30,273.55,,798750
2025-09-05 10:57:14.895063+05:30,273.8,,798750
2025-09-05 10:57:15.392203+05:30,273.25,,798750
2025-09-05 10:57:15.968351+05:30,273.25,,798750
2025-09-05 10:57:16.392310+05:30,273.25,,798750
2025-09-05 10:57:16.923093+05:30,273.25,,798750
2025-09-05 10:57:17.478566+05:30,276.3,,798750
2025-09-05 10:57:18.202368+05:30,276.3,,798750
2025-09-05 10:57:18.435856+05:30,276.3,,798750
2025-09-05 10:57:18.892593+05:30,276.75,,798750
2025-09-05 10:57:19.642337+05:30,277.6,,798750
2025-09-05 10:57:19.928885+05:30,277.6,,798750
2025-09-05 10:57:20.249787+05:30,277.6,,798750
2025-09-05 10:57:20.892165+05:30,277.65,,798750
2025-09-05 10:57:21.392596+05:30,277.65,,798750
2025-09-05 10:57:21.909587+05:30,277.65,,798750
2025-09-05 10:57:23.171165+05:30,277.65,,798750
2025-09-05 10:57:23.698550+05:30,277.65,,798750
2025-09-05 10:57:23.930763+05:30,277.7,,798750
2025-09-05 10:57:24.142287+05:30,277.7,,798750
2025-09-05 10:57:24.664520+05:30,277.7,,798750
2025-09-05 10:57:24.935710+05:30,276.9,,798750
2025-09-05 10:57:25.138559+05:30,276.9,,798750
2025-09-05 10:57:26.460054+05:30,276.9,,798750
2025-09-05 10:57:26.893495+05:30,276.9,,798750
2025-09-05 10:57:27.931974+05:30,279.6,,798750
2025-09-05 10:57:28.213826+05:30,279.6,,798750
2025-09-05 10:57:28.392307+05:30,279.6,,798750
2025-09-05 10:57:29.392105+05:30,277.95,,798750
2025-09-05 10:57:29.642527+05:30,277.95,,798750
2025-09-05 10:57:30.163287+05:30,277.95,,798750
2025-09-05 10:57:30.392277+05:30,277.95,,798750
2025-09-05 10:57:30.642503+05:30,278.4,,798750
2025-09-05 10:57:31.217356+05:30,277.35,,798750
2025-09-05 10:57:31.457633+05:30,277.35,,798750
2025-09-05 10:57:31.942252+05:30,277.35,,798750
2025-09-05 10:57:32.777662+05:30,277.75,,798750
2025-09-05 10:57:33.169636+05:30,277.75,,798750
2025-09-05 10:57:33.391936+05:30,277.8,,798750
2025-09-05 10:57:33.698756+05:30,277.8,,798750
2025-09-05 10:57:34.197236+05:30,277.2,,798750
2025-09-05 10:57:34.935744+05:30,277.2,,798750
2025-09-05 10:57:35.178182+05:30,277.2,,798750
2025-09-05 10:57:36.485845+05:30,277.2,,798750
2025-09-05 10:57:36.892062+05:30,277.2,,798750
2025-09-05 10:57:38.266168+05:30,279.0,,798750
2025-09-05 10:57:38.391959+05:30,279.0,,798750
2025-09-05 10:57:39.770349+05:30,279.0,,798750
2025-09-05 10:57:40.142318+05:30,279.0,,798750
2025-09-05 10:57:41.440958+05:30,279.0,,798750
2025-09-05 10:57:41.708282+05:30,279.0,,798750
2025-09-05 10:57:43.141440+05:30,279.0,,798750
2025-09-05 10:57:43.397234+05:30,279.0,,798750
2025-09-05 10:57:44.392045+05:30,277.25,,796500
2025-09-05 10:57:44.658810+05:30,277.8,,796500
2025-09-05 10:57:44.930581+05:30,277.8,,796500
2025-09-05 10:57:45.138536+05:30,277.8,,796500
2025-09-05 10:57:46.489721+05:30,277.8,,796500
2025-09-05 10:57:46.693850+05:30,277.8,,796500
2025-09-05 10:57:47.999861+05:30,277.8,,796500
2025-09-05 10:57:48.392040+05:30,277.8,,796500
2025-09-05 10:57:48.687110+05:30,277.8,,796500
2025-09-05 10:57:49.392124+05:30,277.8,,796500
2025-09-05 10:57:49.757268+05:30,275.4,,796500
2025-09-05 10:57:50.141949+05:30,275.4,,796500
2025-09-05 10:57:51.472530+05:30,275.65,,796500
2025-09-05 10:57:51.700339+05:30,275.65,,796500
2025-09-05 10:57:51.952445+05:30,275.0,,796500
2025-09-05 10:57:52.968871+05:30,273.5,,796500
2025-09-05 10:57:53.408469+05:30,272.2,,796500
2025-09-05 10:57:53.891985+05:30,272.45,,796500
2025-09-05 10:57:54.750174+05:30,271.35,,796500
2025-09-05 10:57:54.951315+05:30,271.35,,796500
2025-09-05 10:57:55.212971+05:30,271.35,,796500
2025-09-05 10:57:55.888503+05:30,271.15,,796500
2025-09-05 10:57:56.451615+05:30,271.15,,796500
2025-09-05 10:57:56.668883+05:30,271.1,,796500
2025-09-05 10:57:56.914079+05:30,271.1,,796500
2025-09-05 10:57:57.930479+05:30,271.5,,796500
2025-09-05 10:57:58.413972+05:30,271.5,,796500
2025-09-05 10:57:59.217941+05:30,271.9,,796500
2025-09-05 10:57:59.440755+05:30,271.9,,796500
2025-09-05 10:57:59.931591+05:30,271.4,,796500
2025-09-05 10:58:00.173985+05:30,271.4,,796500
2025-09-05 10:58:00.400181+05:30,271.4,,796500
2025-09-05 10:58:01.435495+05:30,271.4,,796500
2025-09-05 10:58:11.044298+05:30,270.25,,796500
2025-09-05 10:58:11.078144+05:30,270.25,,796500
2025-09-05 10:58:11.213103+05:30,271.3,,796500
2025-09-05 10:58:11.305299+05:30,270.9,,796500
2025-09-05 10:58:11.379869+05:30,271.15,,796500
2025-09-05 10:58:11.462126+05:30,272.05,,796500
2025-09-05 10:58:11.525287+05:30,273.95,,796500
2025-09-05 10:58:11.603597+05:30,273.95,,796500
2025-09-05 10:58:11.753595+05:30,273.1,,796500
2025-09-05 10:58:11.862215+05:30,274.35,,796500
2025-09-05 10:58:11.933925+05:30,275.05,,796500
2025-09-05 10:58:11.995717+05:30,275.05,,796500
2025-09-05 10:58:12.270596+05:30,274.8,,796500
2025-09-05 10:58:12.334062+05:30,274.8,,796500
2025-09-05 10:58:12.646415+05:30,274.8,,796500
2025-09-05 10:58:13.024507+05:30,274.8,,796500
2025-09-05 10:58:13.078287+05:30,273.45,,796500
2025-09-05 10:58:13.405438+05:30,274.0,,796500
2025-09-05 10:58:13.443199+05:30,274.0,,796500
2025-09-05 10:58:13.673977+05:30,274.0,,796500
2025-09-05 10:58:13.891263+05:30,274.0,,796500
2025-09-05 10:58:14.171414+05:30,274.0,,796500
2025-09-05 10:58:14.751910+05:30,274.0,,796500
2025-09-05 10:58:14.935141+05:30,274.0,,796500
2025-09-05 10:58:15.393202+05:30,274.3,,796500
2025-09-05 10:58:16.214829+05:30,274.3,,796500
2025-09-05 10:58:16.428352+05:30,273.15,,796500
2025-09-05 10:58:17.685455+05:30,273.2,,796500
2025-09-05 10:58:18.006910+05:30,273.2,,796500
2025-09-05 10:58:18.141848+05:30,273.9,,796500
2025-09-05 10:58:18.663876+05:30,273.9,,796500
2025-09-05 10:58:19.142220+05:30,273.95,,796500
2025-09-05 10:58:19.414133+05:30,273.95,,796500
2025-09-05 10:58:19.940514+05:30,273.95,,796500
2025-09-05 10:58:20.147050+05:30,273.4,,796500
2025-09-05 10:58:20.396253+05:30,273.4,,796500
2025-09-05 10:58:21.141933+05:30,273.4,,796500
2025-09-05 10:58:21.674412+05:30,273.4,,796500
2025-09-05 10:58:22.915297+05:30,273.4,,796500
2025-09-05 10:58:23.641879+05:30,273.4,,796500
2025-09-05 10:58:24.187408+05:30,272.3,,796500
2025-09-05 10:58:24.391963+05:30,272.45,,796500
2025-09-05 10:58:24.933826+05:30,272.45,,796500
2025-09-05 10:58:25.908610+05:30,273.6,,796500
2025-09-05 10:58:26.141804+05:30,273.6,,796500
2025-09-05 10:58:26.698221+05:30,273.4,,796500
2025-09-05 10:58:26.892035+05:30,273.4,,796500
2025-09-05 10:58:28.141801+05:30,275.1,,796500
2025-09-05 10:58:28.391498+05:30,275.1,,796500
2025-09-05 10:58:29.641981+05:30,275.1,,796500
2025-09-05 10:58:30.141979+05:30,275.1,,796500
2025-09-05 10:58:30.790223+05:30,275.1,,796500
2025-09-05 10:58:31.198576+05:30,276.0,,796500
2025-09-05 10:58:31.725873+05:30,276.0,,796500
2025-09-05 10:58:31.892511+05:30,276.0,,796500
2025-09-05 10:58:32.194794+05:30,276.0,,796500
2025-09-05 10:58:33.168950+05:30,276.0,,796500
2025-09-05 10:58:33.414304+05:30,274.5,,796500
2025-09-05 10:58:33.927924+05:30,275.45,,796500
2025-09-05 10:58:34.646823+05:30,275.45,,796500
2025-09-05 10:58:34.908475+05:30,274.25,,796500
2025-09-05 10:58:35.892540+05:30,275.2,,796500
2025-09-05 10:58:36.391861+05:30,275.2,,796500
2025-09-05 10:58:36.700403+05:30,275.2,,796500
2025-09-05 10:58:38.141789+05:30,275.2,,796500
2025-09-05 10:58:38.418755+05:30,275.2,,796500
2025-09-05 10:58:39.642126+05:30,275.2,,796500
2025-09-05 10:58:40.141868+05:30,275.2,,796500
2025-09-05 10:58:40.735203+05:30,273.85,,796500
2025-09-05 10:58:41.391720+05:30,273.85,,796500
2025-09-05 10:58:43.201413+05:30,273.85,,796500
2025-09-05 10:58:43.391880+05:30,273.35,,796500
2025-09-05 10:58:43.983398+05:30,272.6,,796500
2025-09-05 10:58:44.670365+05:30,273.1,,796500
2025-09-05 10:58:44.962138+05:30,272.0,,796500
2025-09-05 10:59:11.297679+05:30,272.0,,796500
2025-09-05 10:59:11.384599+05:30,271.7,,796500
2025-09-05 10:59:11.837188+05:30,272.0,,796500
2025-09-05 10:59:12.041495+05:30,272.0,,796500
2025-09-05 10:59:12.121834+05:30,271.0,,796500
2025-09-05 10:59:12.395261+05:30,271.0,,796500
2025-09-05 10:59:12.581985+05:30,271.0,,796500
2025-09-05 10:59:12.946700+05:30,271.0,,796500
2025-09-05 10:59:13.376197+05:30,270.1,,796500
2025-09-05 10:59:13.673789+05:30,270.1,,796500
2025-09-05 10:59:13.836571+05:30,270.1,,796500
2025-09-05 10:59:13.985617+05:30,270.55,,796500
2025-09-05 10:59:14.135483+05:30,270.55,,796500
2025-09-05 10:59:14.316138+05:30,270.55,,796500
2025-09-05 10:59:14.430387+05:30,270.0,,796500
2025-09-05 10:59:14.482686+05:30,270.0,,796500
2025-09-05 10:59:14.749554+05:30,268.95,,796500
2025-09-05 10:59:15.104416+05:30,268.95,,796500
2025-09-05 10:59:15.137210+05:30,268.95,,796500
2025-09-05 10:59:15.325629+05:30,269.2,,796500
2025-09-05 10:59:15.597924+05:30,269.3,,796500
2025-09-05 10:59:15.792844+05:30,270.5,,796500
2025-09-05 10:59:15.928045+05:30,270.5,,796500
2025-09-05 10:59:16.147857+05:30,270.5,,796500
2025-09-05 10:59:16.239303+05:30,272.4,,796500
2025-09-05 10:59:16.462598+05:30,272.4,,796500
2025-09-05 10:59:16.832150+05:30,271.55,,796500
2025-09-05 10:59:16.963404+05:30,271.55,,796500
2025-09-05 10:59:17.058433+05:30,271.55,,796500
2025-09-05 10:59:17.233367+05:30,270.3,,796500
2025-09-05 10:59:17.672138+05:30,270.3,,796500
2025-09-05 10:59:17.903510+05:30,270.3,,796500
2025-09-05 10:59:17.940971+05:30,271.05,,796500
2025-09-05 10:59:18.321805+05:30,269.55,,796500
2025-09-05 10:59:18.333052+05:30,269.55,,796500
2025-09-05 10:59:18.952611+05:30,268.8,,796500
2025-09-05 10:59:19.068476+05:30,268.8,,796500
2025-09-05 10:59:19.240930+05:30,268.8,,796500
2025-09-05 10:59:19.352756+05:30,268.95,,796500
2025-09-05 10:59:20.026593+05:30,268.95,,796500
2025-09-05 10:59:20.071385+05:30,268.95,,796500
2025-09-05 10:59:20.093514+05:30,268.25,,796500
2025-09-05 10:59:20.282024+05:30,268.6,,796500
2025-09-05 10:59:20.415131+05:30,268.7,,796500
2025-09-05 10:59:20.480977+05:30,268.7,,796500
2025-09-05 10:59:20.656297+05:30,268.7,,796500
2025-09-05 10:59:21.189280+05:30,268.7,,796500
2025-09-05 10:59:21.288202+05:30,268.65,,796500
2025-09-05 10:59:21.669513+05:30,268.0,,796500
2025-09-05 10:59:21.839390+05:30,268.0,,796500
2025-09-05 10:59:21.920129+05:30,268.0,,796500
2025-09-05 10:59:22.195147+05:30,267.25,,796500
2025-09-05 10:59:22.319864+05:30,267.25,,796500
2025-09-05 10:59:22.508058+05:30,267.25,,796500
2025-09-05 10:59:22.933988+05:30,268.6,,796500
2025-09-05 10:59:23.103300+05:30,268.6,,796500
2025-09-05 10:59:23.202313+05:30,268.6,,796500
2025-09-05 10:59:23.258505+05:30,269.0,,796500
2025-09-05 10:59:23.671891+05:30,268.1,,796500
2025-09-05 10:59:23.869590+05:30,268.1,,796500
2025-09-05 10:59:23.932151+05:30,267.8,,796500
2025-09-05 10:59:24.255538+05:30,267.8,,796500
2025-09-05 10:59:24.424692+05:30,267.8,,796500
2025-09-05 10:59:24.730884+05:30,268.45,,796500
2025-09-05 10:59:24.844704+05:30,268.45,,796500
2025-09-05 10:59:24.941108+05:30,268.0,,796500
2025-09-05 10:59:25.133967+05:30,268.0,,796500
2025-09-05 10:59:25.418825+05:30,268.0,,796500
2025-09-05 10:59:25.511267+05:30,268.1,,796500
2025-09-05 10:59:25.799353+05:30,267.85,,796500
2025-09-05 10:59:26.011457+05:30,265.65,,796500
2025-09-05 10:59:26.027670+05:30,265.65,,796500
2025-09-05 10:59:26.119168+05:30,265.65,,796500
2025-09-05 10:59:26.702551+05:30,266.9,,796500
2025-09-05 10:59:26.724181+05:30,266.9,,796500
2025-09-05 11:00:11.096288+05:30,267.65,,796500
2025-09-05 11:00:11.328148+05:30,268.3,,796500
2025-09-05 11:00:11.383882+05:30,268.3,,796500
2025-09-05 11:00:11.446521+05:30,268.3,,796500
2025-09-05 11:00:11.784275+05:30,267.6,,796500
2025-09-05 11:00:11.830677+05:30,267.85,,796500
2025-09-05 11:00:11.890769+05:30,267.85,,796500
2025-09-05 11:00:12.036083+05:30,267.85,,796500
2025-09-05 11:00:12.495660+05:30,267.65,,796500
2025-09-05 11:00:12.556208+05:30,267.65,,796500
2025-09-05 11:00:12.868843+05:30,269.75,,796500
2025-09-05 11:00:12.897075+05:30,269.75,,796500
2025-09-05 11:00:12.982324+05:30,269.75,,796500
2025-09-05 11:00:13.237306+05:30,270.6,,796500
2025-09-05 11:00:13.469467+05:30,270.65,,796500
2025-09-05 11:00:13.590992+05:30,270.15,,796500
2025-09-05 11:00:13.669611+05:30,270.15,,796500
2025-09-05 11:00:13.772146+05:30,269.65,,796500
2025-09-05 11:00:13.990296+05:30,269.65,,796500
2025-09-05 11:00:14.110056+05:30,269.65,,796500
2025-09-05 11:00:14.316452+05:30,269.65,,796500
2025-09-05 11:00:14.732971+05:30,269.65,,796500
2025-09-05 11:00:14.869983+05:30,269.65,,796500
2025-09-05 11:00:15.475097+05:30,269.65,,796500
2025-09-05 11:00:15.621120+05:30,269.65,,796500
2025-09-05 11:00:15.816795+05:30,269.65,,796500
2025-09-05 11:00:16.244596+05:30,269.65,,796500
2025-09-05 11:00:16.394878+05:30,269.65,,796500
2025-09-05 11:00:16.694934+05:30,269.65,,796500
2025-09-05 11:00:16.809409+05:30,269.65,,796500
2025-09-05 11:00:16.941122+05:30,269.65,,796500
2025-09-05 11:00:17.257764+05:30,269.6,,796500
2025-09-05 11:00:17.453504+05:30,269.6,,796500
2025-09-05 11:00:17.670784+05:30,269.6,,796500
2025-09-05 11:00:17.970718+05:30,269.9,,796500
2025-09-05 11:00:17.981059+05:30,269.9,,796500
2025-09-05 11:00:18.016762+05:30,269.9,,796500
2025-09-05 11:00:18.424373+05:30,270.25,,796500
2025-09-05 11:00:18.535692+05:30,270.25,,796500
2025-09-05 11:00:18.786848+05:30,270.25,,796500
2025-09-05 11:00:19.185055+05:30,270.25,,796500
2025-09-05 11:00:19.473316+05:30,270.25,,796500
2025-09-05 11:00:19.995115+05:30,270.25,,796500
2025-09-05 11:00:20.058031+05:30,270.25,,796500
2025-09-05 11:00:20.597135+05:30,270.25,,796500
2025-09-05 11:00:20.809247+05:30,270.25,,796500
2025-09-05 11:00:20.942422+05:30,270.65,,796500
2025-09-05 11:00:21.273081+05:30,269.6,,796500
2025-09-05 11:00:21.412503+05:30,269.6,,796500
2025-09-05 11:00:21.619444+05:30,269.3,,796500
2025-09-05 11:00:22.075923+05:30,269.3,,796500
2025-09-05 11:00:22.112642+05:30,269.2,,796500
2025-09-05 11:00:22.538230+05:30,269.2,,796500
2025-09-05 11:00:22.717849+05:30,269.2,,796500
2025-09-05 11:00:22.737669+05:30,267.85,,796500
2025-09-05 11:00:23.156596+05:30,267.45,,796500
2025-09-05 11:00:23.265449+05:30,268.05,,796500
2025-09-05 11:00:23.292764+05:30,268.05,,796500
2025-09-05 11:00:23.471788+05:30,268.05,,796500
2025-09-05 11:00:23.705479+05:30,268.05,,796500
2025-09-05 11:00:23.877270+05:30,267.0,,796500
2025-09-05 11:00:24.082192+05:30,266.65,,796500
2025-09-05 11:00:24.181712+05:30,266.65,,796500
2025-09-05 11:00:24.201785+05:30,266.65,,796500
2025-09-05 11:00:24.475309+05:30,266.65,,796500
2025-09-05 11:00:24.786308+05:30,266.65,,796500
2025-09-05 11:00:25.134306+05:30,268.0,,796500
2025-09-05 11:00:25.304901+05:30,268.2,,796500
2025-09-05 11:00:25.347904+05:30,268.05,,796500
2025-09-05 11:00:25.538119+05:30,268.05,,796500
2025-09-05 11:00:25.906708+05:30,268.05,,796500
2025-09-05 11:00:26.108052+05:30,268.05,,796500
2025-09-05 11:00:56.697585+05:30,268.05,,796500
2025-09-05 11:00:56.813818+05:30,268.05,,796500
2025-09-05 11:00:56.955385+05:30,270.0,,796500
2025-09-05 11:00:57.162003+05:30,270.1,,796500
2025-09-05 11:00:57.174921+05:30,270.1,,796500
2025-09-05 11:00:57.662101+05:30,270.1,,796500
2025-09-05 11:00:57.686173+05:30,269.75,,796500
2025-09-05 11:00:57.902047+05:30,269.75,,796500
2025-09-05 11:00:57.941726+05:30,269.15,,796500
2025-09-05 11:00:58.209054+05:30,269.15,,796500
2025-09-05 11:00:58.356599+05:30,268.45,,796500
2025-09-05 11:00:58.620957+05:30,268.45,,796500
2025-09-05 11:00:58.710149+05:30,268.45,,796500
2025-09-05 11:00:59.159736+05:30,268.45,,796500
2025-09-05 11:00:59.199828+05:30,268.45,,796500
2025-09-05 11:00:59.643680+05:30,268.45,,796500
2025-09-05 11:00:59.713910+05:30,268.45,,796500
2025-09-05 11:01:00.111149+05:30,268.45,,796500
2025-09-05 11:01:00.314801+05:30,268.45,,796500
2025-09-05 11:01:00.448952+05:30,269.75,,796500
2025-09-05 11:01:00.807198+05:30,269.1,,796500
2025-09-05 11:01:00.932638+05:30,269.1,,796500
2025-09-05 11:01:00.992618+05:30,268.0,,796500
2025-09-05 11:01:01.358242+05:30,268.0,,796500
2025-09-05 11:01:01.626205+05:30,265.95,,796500
2025-09-05 11:01:01.720557+05:30,265.95,,796500
2025-09-05 11:01:01.941710+05:30,265.95,,796500
2025-09-05 11:01:01.974508+05:30,267.5,,796500
2025-09-05 11:01:02.276328+05:30,267.5,,796500
2025-09-05 11:01:02.389855+05:30,265.6,,796500
2025-09-05 11:01:02.675100+05:30,266.05,,796500
2025-09-05 11:01:02.763316+05:30,266.05,,796500
2025-09-05 11:01:02.820162+05:30,266.05,,796500
2025-09-05 11:01:02.954947+05:30,269.0,,796500
2025-09-05 11:01:03.175431+05:30,269.0,,796500
2025-09-05 11:01:03.310719+05:30,269.0,,796500
2025-09-05 11:01:03.452428+05:30,269.35,,796500
2025-09-05 11:01:03.774218+05:30,269.35,,796500
2025-09-05 11:01:03.955077+05:30,269.35,,796500
2025-09-05 11:01:04.100625+05:30,269.35,,796500
2025-09-05 11:01:04.706675+05:30,269.35,,796500
2025-09-05 11:01:05.019130+05:30,268.15,,796500
2025-09-05 11:01:05.162520+05:30,268.1,,796500
2025-09-05 11:01:05.367029+05:30,268.1,,796500
2025-09-05 11:01:05.720576+05:30,268.1,,796500
2025-09-05 11:01:05.870685+05:30,268.55,,796500
2025-09-05 11:01:05.999779+05:30,267.95,,796500
2025-09-05 11:01:06.396065+05:30,267.95,,796500
2025-09-05 11:01:06.708361+05:30,268.2,,796500
2025-09-05 11:01:06.966335+05:30,268.2,,796500
2025-09-05 11:01:07.019365+05:30,268.2,,796500
2025-09-05 11:01:07.515432+05:30,268.2,,796500
2025-09-05 11:01:07.570903+05:30,268.2,,796500
2025-09-05 11:01:07.811280+05:30,269.2,,797475
2025-09-05 11:01:07.857226+05:30,269.2,,797475
2025-09-05 11:01:08.013342+05:30,268.2,,797475
2025-09-05 11:01:08.229203+05:30,268.2,,797475
2025-09-05 11:01:08.288961+05:30,268.85,,797475
2025-09-05 11:01:08.593146+05:30,268.85,,797475
2025-09-05 11:01:08.694250+05:30,268.85,,797475
2025-09-05 11:01:09.197164+05:30,268.85,,797475
2025-09-05 11:01:09.684085+05:30,268.85,,797475
2025-09-05 11:01:09.814587+05:30,268.85,,797475
2025-09-05 11:01:10.233670+05:30,268.85,,797475
2025-09-05 11:01:10.458233+05:30,268.85,,797475
2025-09-05 11:01:10.979522+05:30,268.4,,797475
2025-09-05 11:01:11.334612+05:30,268.1,,797475
2025-09-05 11:01:11.488971+05:30,267.4,,797475
2025-09-05 11:01:11.595063+05:30,267.4,,797475
2025-09-05 11:01:12.003798+05:30,267.4,,797475
2025-09-05 11:01:12.097992+05:30,267.4,,797475
2025-09-05 11:01:12.568790+05:30,267.4,,797475
2025-09-05 11:01:12.609085+05:30,267.4,,797475
2025-09-05 11:01:12.831742+05:30,266.35,,797475
2025-09-05 11:01:13.020225+05:30,266.85,,797475
2025-09-05 11:01:13.139201+05:30,264.6,,797475
2025-09-05 11:01:13.192595+05:30,264.6,,797475
2025-09-05 11:01:13.567342+05:30,264.8,,797475
2025-09-05 11:01:13.600103+05:30,264.8,,797475
2025-09-05 11:01:13.744429+05:30,264.8,,797475
2025-09-05 11:01:13.795163+05:30,264.95,,797475
2025-09-05 11:01:14.151326+05:30,264.95,,797475
2025-09-05 11:01:14.543852+05:30,264.95,,797475
2025-09-05 11:01:14.776810+05:30,266.15,,797475
2025-09-05 11:01:14.971152+05:30,266.95,,797475
2025-09-05 11:01:15.024307+05:30,266.95,,797475
2025-09-05 11:01:15.111416+05:30,266.95,,797475
2025-09-05 11:01:15.316827+05:30,266.75,,797475
2025-09-05 11:01:15.496523+05:30,266.75,,797475
2025-09-05 11:01:15.628172+05:30,266.75,,797475
2025-09-05 11:01:15.933406+05:30,266.55,,797475
2025-09-05 11:01:16.058342+05:30,266.55,,797475
2025-09-05 11:01:16.129189+05:30,266.55,,797475
2025-09-05 11:01:16.485171+05:30,266.55,,797475
2025-09-05 11:01:16.647134+05:30,264.45,,797475
2025-09-05 11:01:17.178390+05:30,264.45,,797475
2025-09-05 11:01:17.347692+05:30,263.25,,797475
2025-09-05 11:01:17.713453+05:30,264.3,,797475
2025-09-05 11:01:17.806880+05:30,264.3,,797475
2025-09-05 11:01:17.878202+05:30,264.3,,797475
2025-09-05 11:01:18.283647+05:30,264.3,,797475
2025-09-05 11:01:18.397895+05:30,264.5,,797475
2025-09-05 11:01:18.711738+05:30,264.5,,797475
2025-09-05 11:01:18.852285+05:30,264.5,,797475
2025-09-05 11:01:19.966847+05:30,264.5,,797475
2025-09-05 11:01:20.142092+05:30,264.5,,797475
2025-09-05 11:01:20.642561+05:30,265.95,,797475
2025-09-05 11:01:21.420108+05:30,265.95,,797475
2025-09-05 11:01:21.890914+05:30,265.95,,797475
2025-09-05 11:01:22.693327+05:30,265.4,,797475
2025-09-05 11:01:23.168179+05:30,265.05,,797475
2025-09-05 11:01:23.441354+05:30,265.05,,797475
2025-09-05 11:01:24.891034+05:30,265.05,,797475
2025-09-05 11:01:25.192990+05:30,265.05,,797475
2025-09-05 11:01:25.890821+05:30,267.0,,797475
2025-09-05 11:01:26.425312+05:30,268.6,,797475
2025-09-05 11:01:26.939524+05:30,268.6,,797475
2025-09-05 11:01:28.160664+05:30,268.6,,797475
2025-09-05 11:01:28.440980+05:30,268.6,,797475
2025-09-05 11:01:29.892701+05:30,268.6,,797475
2025-09-05 11:01:30.165395+05:30,268.55,,797475
2025-09-05 11:01:30.689835+05:30,268.55,,797475
2025-09-05 11:01:31.222246+05:30,268.1,,797475
2025-09-05 11:01:31.663901+05:30,268.1,,797475
2025-09-05 11:01:31.920603+05:30,268.1,,797475
2025-09-05 11:01:33.168053+05:30,269.3,,797475
2025-09-05 11:01:33.407597+05:30,269.3,,797475
2025-09-05 11:01:34.140725+05:30,268.0,,797475
2025-09-05 11:01:34.653735+05:30,268.0,,797475
2025-09-05 11:01:34.941415+05:30,268.0,,797475
2025-09-05 11:01:35.158201+05:30,268.0,,797475
2025-09-05 11:01:36.668477+05:30,268.0,,797475
2025-09-05 11:01:36.909359+05:30,268.0,,797475
2025-09-05 11:01:38.196586+05:30,268.0,,797475
2025-09-05 11:01:38.407849+05:30,266.5,,797475
2025-09-05 11:01:39.283569+05:30,265.15,,797475
2025-09-05 11:01:39.899079+05:30,264.75,,797475
2025-09-05 11:01:40.244148+05:30,264.75,,797475
2025-09-05 11:01:41.140685+05:30,264.35,,797475
2025-09-05 11:01:41.429815+05:30,265.3,,797475
2025-09-05 11:01:41.937585+05:30,265.3,,797475
2025-09-05 11:01:42.163898+05:30,265.3,,797475
2025-09-05 11:01:43.205154+05:30,265.3,,797475
2025-09-05 11:01:43.442176+05:30,265.3,,797475
2025-09-05 11:01:44.907788+05:30,265.4,,797475
2025-09-05 11:01:45.168577+05:30,265.4,,797475
2025-09-05 11:01:45.912362+05:30,265.0,,797475
2025-09-05 11:01:46.424624+05:30,265.0,,797475
2025-09-05 11:01:46.942313+05:30,265.0,,797475
2025-09-05 11:01:47.402897+05:30,264.9,,797475
2025-09-05 11:01:48.287076+05:30,265.15,,797475
2025-09-05 11:01:48.420773+05:30,265.15,,797475
2025-09-05 11:01:49.141669+05:30,265.35,,797475
2025-09-05 11:01:49.886382+05:30,265.35,,797475
2025-09-05 11:01:50.194247+05:30,266.15,,797475
2025-09-05 11:01:51.228996+05:30,265.05,,797475
2025-09-05 11:01:51.435904+05:30,265.05,,797475
2025-09-05 11:01:51.967419+05:30,265.05,,797475
2025-09-05 11:01:53.145747+05:30,265.05,,797475
2025-09-05 11:01:53.647260+05:30,265.05,,797475
2025-09-05 11:01:54.899079+05:30,265.05,,797475
2025-09-05 11:01:55.207526+05:30,265.05,,797475
2025-09-05 11:01:56.149188+05:30,264.35,,797475
2025-09-05 11:01:56.707724+05:30,264.35,,797475
2025-09-05 11:01:56.890862+05:30,264.35,,797475
2025-09-05 11:01:58.140590+05:30,264.35,,797475
2025-09-05 11:01:58.450675+05:30,263.55,,797475
2025-09-05 11:01:59.943071+05:30,263.55,,797475
2025-09-05 11:02:00.160130+05:30,263.55,,797475
2025-09-05 11:02:01.407762+05:30,262.4,,797475
2025-09-05 11:02:01.890826+05:30,263.05,,797475
2025-09-05 11:02:02.181753+05:30,263.05,,797475
2025-09-05 11:02:03.213025+05:30,263.3,,797475
2025-09-05 11:02:03.396807+05:30,262.65,,797475
2025-09-05 11:02:04.140849+05:30,262.65,,797475
2025-09-05 11:02:04.907741+05:30,262.65,,797475
2025-09-05 11:02:05.227741+05:30,263.95,,797475
2025-09-05 11:02:06.390654+05:30,264.15,,797475
2025-09-05 11:02:06.952640+05:30,264.15,,797475
2025-09-05 11:02:07.392397+05:30,263.4,,797475
2025-09-05 11:02:08.154199+05:30,263.6,,797475
2025-09-05 11:02:08.690001+05:30,263.6,,797475
2025-09-05 11:02:09.233291+05:30,263.6,,797475
2025-09-05 11:02:09.424187+05:30,261.0,,797475
2025-09-05 11:02:09.917788+05:30,261.0,,797475
2025-09-05 11:02:10.135604+05:30,260.8,,797475
2025-09-05 11:02:11.140908+05:30,260.8,,797475
2025-09-05 11:02:11.396883+05:30,261.7,,797475
2025-09-05 11:02:11.690347+05:30,261.7,,797475
2025-09-05 11:02:11.913875+05:30,262.75,,797475
2025-09-05 11:02:13.189105+05:30,263.25,,797475
2025-09-05 11:02:13.390579+05:30,263.25,,797475
2025-09-05 11:02:14.187516+05:30,263.25,,797475
2025-09-05 11:02:14.390786+05:30,264.45,,797475
2025-09-05 11:02:14.914354+05:30,264.35,,797475
2025-09-05 11:02:15.156069+05:30,264.35,,797475
2025-09-05 11:02:16.209348+05:30,264.6,,797475
2025-09-05 11:02:16.407406+05:30,264.85,,797475
2025-09-05 11:02:16.712813+05:30,264.85,,797475
2025-09-05 11:02:17.175222+05:30,264.85,,797475
2025-09-05 11:02:18.140915+05:30,264.65,,797475
2025-09-05 11:02:18.390581+05:30,264.45,,797475
2025-09-05 11:02:19.169971+05:30,264.6,,797475
2025-09-05 11:02:20.006728+05:30,264.6,,797475
2025-09-05 11:02:20.170369+05:30,264.6,,797475
2025-09-05 11:02:20.454745+05:30,263.9,,797475
2025-09-05 11:02:21.203056+05:30,264.65,,797475
2025-09-05 11:02:21.730196+05:30,264.65,,797475
2025-09-05 11:02:21.912304+05:30,264.65,,797475
2025-09-05 11:02:22.177276+05:30,264.4,,797475
2025-09-05 11:02:23.140791+05:30,264.4,,797475
2025-09-05 11:02:23.412359+05:30,264.4,,797475
2025-09-05 11:02:24.640905+05:30,264.4,,797475
2025-09-05 11:02:25.180228+05:30,263.8,,797475
2025-09-05 11:02:26.140405+05:30,264.35,,797475
2025-09-05 11:02:26.912688+05:30,264.35,,797475
2025-09-05 11:02:28.186158+05:30,264.7,,797475
2025-09-05 11:02:28.418147+05:30,264.7,,797475
2025-09-05 11:02:29.685904+05:30,264.7,,797475
2025-09-05 11:02:30.165894+05:30,264.7,,797475
2025-09-05 11:02:30.418620+05:30,264.7,,797475
2025-09-05 11:02:30.891596+05:30,264.6,,797475
2025-09-05 11:02:31.172403+05:30,264.6,,797475
2025-09-05 11:02:31.385362+05:30,263.45,,797475
2025-09-05 11:02:31.641068+05:30,263.5,,797475
2025-09-05 11:02:32.145490+05:30,263.5,,797475
2025-09-05 11:02:33.136049+05:30,264.5,,797475
2025-09-05 11:02:33.640569+05:30,264.1,,797475
2025-09-05 11:02:34.202119+05:30,264.6,,797475
2025-09-05 11:02:34.648605+05:30,264.5,,797475
2025-09-05 11:02:35.140378+05:30,264.45,,797475
2025-09-05 11:02:36.141783+05:30,265.65,,797475
2025-09-05 11:02:36.445711+05:30,265.65,,797475
2025-09-05 11:02:36.640354+05:30,265.65,,797475
2025-09-05 11:02:38.178061+05:30,265.65,,797475
2025-09-05 11:02:38.705921+05:30,265.65,,797475
2025-09-05 11:02:39.660720+05:30,265.65,,797475
2025-09-05 11:02:40.291096+05:30,265.65,,797475
2025-09-05 11:02:41.188968+05:30,266.95,,797475
2025-09-05 11:02:41.412201+05:30,266.95,,797475
2025-09-05 11:02:41.908863+05:30,266.95,,797475
2025-09-05 11:02:42.221174+05:30,266.45,,797475
2025-09-05 11:02:43.174697+05:30,266.45,,797475
2025-09-05 11:02:43.650162+05:30,266.45,,797475
2025-09-05 11:02:44.399874+05:30,264.9,,797475
2025-09-05 11:02:44.671859+05:30,264.9,,797475
2025-09-05 11:02:45.137710+05:30,264.9,,797475
2025-09-05 11:02:46.415897+05:30,264.9,,797475
2025-09-05 11:02:47.018135+05:30,264.9,,797475
2025-09-05 11:02:48.165395+05:30,264.9,,797475
2025-09-05 11:02:48.716409+05:30,266.85,,797475
2025-09-05 11:02:48.909345+05:30,266.85,,797475
2025-09-05 11:02:49.635394+05:30,266.85,,797475
2025-09-05 11:02:50.137714+05:30,266.85,,797475
2025-09-05 11:02:51.421897+05:30,266.85,,797475
2025-09-05 11:02:51.905096+05:30,266.85,,797475
2025-09-05 11:02:53.390267+05:30,266.85,,797475
2025-09-05 11:02:53.735553+05:30,266.85,,797475
2025-09-05 11:02:54.390426+05:30,265.0,,797475
2025-09-05 11:02:54.890360+05:30,265.0,,797475
2025-09-05 11:02:55.142667+05:30,265.9,,797475
2025-09-05 11:02:56.640260+05:30,265.9,,797475
2025-09-05 11:02:58.140594+05:30,265.9,,797475
2025-09-05 11:02:58.676052+05:30,266.5,,797475
2025-09-05 11:02:59.885756+05:30,266.5,,797475
2025-09-05 11:03:00.516664+05:30,266.5,,797475
2025-09-05 11:03:00.640325+05:30,266.5,,797475
2025-09-05 11:03:01.445374+05:30,266.5,,797475
2025-09-05 11:03:02.018290+05:30,266.5,,797475
2025-09-05 11:03:02.452728+05:30,266.65,,797475
2025-09-05 11:03:02.640164+05:30,266.65,,797475
2025-09-05 11:03:03.386985+05:30,266.65,,797475
2025-09-05 11:03:05.026184+05:30,266.65,,797475
2025-09-05 11:03:05.393188+05:30,266.65,,797475
2025-09-05 11:03:05.645646+05:30,266.25,,797475
2025-09-05 11:03:06.412832+05:30,266.25,,797475
2025-09-05 11:03:06.912859+05:30,266.25,,797475
2025-09-05 11:03:08.386572+05:30,268.05,,797475
2025-09-05 11:03:09.890363+05:30,268.05,,797475
2025-09-05 11:03:10.248256+05:30,267.3,,797475
2025-09-05 11:03:10.404154+05:30,267.3,,797475
2025-09-05 11:03:11.176106+05:30,266.75,,797475
2025-09-05 11:03:11.640109+05:30,266.75,,797475
2025-09-05 11:03:12.000285+05:30,266.85,,797475
2025-09-05 11:03:12.246328+05:30,266.85,,797475
2025-09-05 11:03:13.486289+05:30,269.0,,797475
2025-09-05 11:03:15.009375+05:30,269.0,,797475
2025-09-05 11:03:15.390870+05:30,269.0,,797475
2025-09-05 11:03:16.678851+05:30,269.0,,797475
2025-09-05 11:03:16.890682+05:30,268.05,,797475
2025-09-05 11:03:18.135796+05:30,268.05,,797475
2025-09-05 11:03:18.417170+05:30,268.05,,797475
2025-09-05 11:03:19.452570+05:30,267.95,,797475
2025-09-05 11:03:19.913051+05:30,267.95,,797475
2025-09-05 11:03:20.183208+05:30,267.95,,797475
2025-09-05 11:03:20.658845+05:30,268.25,,797475
2025-09-05 11:03:21.390387+05:30,268.25,,797475
2025-09-05 11:03:21.651177+05:30,268.25,,797475
2025-09-05 11:03:23.180843+05:30,268.25,,797475
2025-09-05 11:03:23.391064+05:30,268.25,,797475
2025-09-05 11:03:24.696131+05:30,268.25,,797475
2025-09-05 11:03:25.253547+05:30,268.25,,797475
2025-09-05 11:03:25.390107+05:30,269.0,,797475
2025-09-05 11:03:26.394238+05:30,269.0,,797475
2025-09-05 11:03:26.651770+05:30,269.45,,797475
2025-09-05 11:03:27.395135+05:30,269.35,,797475
2025-09-05 11:03:27.982630+05:30,269.45,,797475
2025-09-05 11:03:28.195419+05:30,269.45,,797475
2025-09-05 11:03:29.140619+05:30,269.9,,797475
2025-09-05 11:03:29.661954+05:30,269.9,,797475
2025-09-05 11:03:29.921103+05:30,269.9,,797475
2025-09-05 11:03:30.640057+05:30,269.9,,797475
2025-09-05 11:03:31.140073+05:30,269.9,,797475
2025-09-05 11:03:31.390435+05:30,271.0,,797475
2025-09-05 11:03:32.890211+05:30,271.0,,797475
2025-09-05 11:03:33.426421+05:30,270.2,,797475
2025-09-05 11:03:34.175350+05:30,271.0,,797475
2025-09-05 11:03:34.395249+05:30,271.0,,797475
2025-09-05 11:03:34.889995+05:30,271.0,,797475
2025-09-05 11:03:35.139983+05:30,271.35,,797475
2025-09-05 11:03:36.168161+05:30,271.5,,797475
2025-09-05 11:03:36.639941+05:30,271.5,,797475
2025-09-05 11:03:37.193991+05:30,271.6,,797475
2025-09-05 11:03:37.890095+05:30,271.0,,797475
2025-09-05 11:03:38.267538+05:30,271.0,,797475
2025-09-05 11:03:39.229342+05:30,272.3,,797475
2025-09-05 11:03:39.427470+05:30,272.3,,797475
2025-09-05 11:03:39.999377+05:30,272.3,,797475
2025-09-05 11:03:40.472047+05:30,272.7,,797475
2025-09-05 11:03:41.140255+05:30,272.4,,797475
2025-09-05 11:03:41.639916+05:30,271.6,,797475
2025-09-05 11:03:42.163589+05:30,271.6,,798000
2025-09-05 11:03:42.942556+05:30,270.25,,798000
2025-09-05 11:03:43.247616+05:30,270.9,,798000
2025-09-05 11:03:44.154308+05:30,269.45,,798000
2025-09-05 11:03:44.392600+05:30,269.45,,798000
2025-09-05 11:03:44.954910+05:30,269.45,,798000
2025-09-05 11:03:46.197105+05:30,269.45,,798000
2025-09-05 11:03:46.475921+05:30,269.45,,798000
2025-09-05 11:03:47.912277+05:30,269.45,,798000
2025-09-05 11:03:48.179159+05:30,269.45,,798000
2025-09-05 11:03:49.412608+05:30,272.4,,798000
2025-09-05 11:03:50.011053+05:30,272.4,,798000
2025-09-05 11:03:51.214037+05:30,272.4,,798000
2025-09-05 11:03:51.419025+05:30,272.5,,798000
2025-09-05 11:03:52.163314+05:30,272.3,,798000
2025-09-05 11:03:52.897339+05:30,272.3,,798000
2025-09-05 11:03:53.226343+05:30,272.3,,798000
2025-09-05 11:03:53.418153+05:30,274.65,,798000
2025-09-05 11:03:54.170310+05:30,273.7,,798000
2025-09-05 11:03:54.446276+05:30,273.7,,798000
2025-09-05 11:03:54.899300+05:30,273.7,,798000
2025-09-05 11:03:55.435443+05:30,273.25,,798000
2025-09-05 11:03:56.223683+05:30,272.75,,798000
2025-09-05 11:03:56.662148+05:30,272.75,,798000
2025-09-05 11:03:57.409259+05:30,272.55,,798000
2025-09-05 11:03:57.889926+05:30,272.55,,798000
2025-09-05 11:03:58.170301+05:30,273.0,,798000
2025-09-05 11:03:59.177297+05:30,272.55,,798000
2025-09-05 11:03:59.639856+05:30,272.55,,798000
2025-09-05 11:03:59.924751+05:30,272.55,,798000
2025-09-05 11:04:00.145835+05:30,272.5,,798000
2025-09-05 11:04:00.456554+05:30,272.5,,798000
2025-09-05 11:04:01.213044+05:30,272.45,,798000
2025-09-05 11:04:01.385653+05:30,272.45,,798000
2025-09-05 11:04:03.140226+05:30,272.45,,798000
2025-09-05 11:04:04.391998+05:30,270.25,,798000
2025-09-05 11:04:04.644972+05:30,270.25,,798000
2025-09-05 11:04:05.207516+05:30,269.85,,798000
2025-09-05 11:04:06.234275+05:30,269.85,,798000
2025-09-05 11:04:06.439565+05:30,269.85,,798000
2025-09-05 11:04:06.884908+05:30,268.95,,798000
2025-09-05 11:04:07.149432+05:30,269.0,,798000
2025-09-05 11:04:07.920800+05:30,269.0,,798000
2025-09-05 11:04:08.178480+05:30,269.2,,798000
2025-09-05 11:04:08.390085+05:30,269.2,,798000
2025-09-05 11:04:09.234493+05:30,269.25,,798000
2025-09-05 11:04:09.417837+05:30,269.25,,798000
2025-09-05 11:04:09.634670+05:30,268.5,,798000
2025-09-05 11:04:10.171453+05:30,268.0,,798000
2025-09-05 11:04:11.167332+05:30,268.0,,798000
2025-09-05 11:04:11.384954+05:30,268.1,,798000
2025-09-05 11:04:12.636415+05:30,268.1,,798000
2025-09-05 11:04:13.140299+05:30,268.1,,798000
2025-09-05 11:04:14.634931+05:30,268.1,,798000
2025-09-05 11:04:15.389725+05:30,268.55,,798000
2025-09-05 11:04:16.191323+05:30,269.35,,798000
2025-09-05 11:04:16.464677+05:30,269.35,,798000
2025-09-05 11:04:17.634921+05:30,269.35,,798000
2025-09-05 11:04:17.977659+05:30,269.35,,798000
2025-09-05 11:04:18.639903+05:30,267.8,,798000
2025-09-05 11:04:19.177298+05:30,267.8,,798000
2025-09-05 11:04:19.384798+05:30,267.8,,798000
2025-09-05 11:04:19.639604+05:30,267.8,,798000
2025-09-05 11:04:20.384897+05:30,267.45,,798000
2025-09-05 11:04:20.930197+05:30,267.45,,798000
2025-09-05 11:04:21.390465+05:30,267.45,,798000
2025-09-05 11:04:22.146665+05:30,266.55,,798000
2025-09-05 11:04:22.705882+05:30,265.8,,798000
2025-09-05 11:04:22.889691+05:30,265.8,,798000
2025-09-05 11:04:23.145739+05:30,265.8,,798000
2025-09-05 11:04:24.198863+05:30,265.1,,798000
2025-09-05 11:04:24.410221+05:30,265.1,,798000
2025-09-05 11:04:25.189593+05:30,265.0,,798000
2025-09-05 11:04:25.885547+05:30,264.45,,798000
2025-09-05 11:04:26.143702+05:30,264.45,,798000
2025-09-05 11:04:27.386983+05:30,263.3,,798000
2025-09-05 11:04:27.697731+05:30,263.3,,798000
2025-09-05 11:04:27.983698+05:30,263.3,,798000
2025-09-05 11:04:28.390206+05:30,262.85,,798000
2025-09-05 11:04:29.141858+05:30,262.95,,798000
2025-09-05 11:04:29.455140+05:30,262.95,,798000
2025-09-05 11:04:30.140080+05:30,262.4,,798000
2025-09-05 11:04:30.463385+05:30,262.4,,798000
2025-09-05 11:04:30.924779+05:30,252.95,,798000
2025-09-05 11:04:31.411749+05:30,253.4,,798000
2025-09-05 11:04:32.259721+05:30,254.25,,798000
2025-09-05 11:04:32.654546+05:30,255.0,,798000
2025-09-05 11:04:32.941695+05:30,255.0,,798000
2025-09-05 11:04:33.139823+05:30,253.7,,798000
2025-09-05 11:04:34.139718+05:30,253.95,,798000
2025-09-05 11:04:34.405202+05:30,254.6,,798000
2025-09-05 11:04:35.154537+05:30,254.6,,798000
2025-09-05 11:04:35.894814+05:30,254.6,,798000
2025-09-05 11:04:36.443939+05:30,254.6,,798000
2025-09-05 11:04:36.653248+05:30,256.3,,798000
2025-09-05 11:04:37.142567+05:30,256.5,,798000
2025-09-05 11:04:37.686970+05:30,256.5,,798000
2025-09-05 11:04:37.911489+05:30,256.5,,798000
2025-09-05 11:04:38.154623+05:30,256.5,,798000
2025-09-05 11:04:39.433429+05:30,256.2,,798000
2025-09-05 11:04:40.943077+05:30,256.2,,798000
2025-09-05 11:04:41.139627+05:30,257.0,,798000
2025-09-05 11:04:42.136698+05:30,256.65,,798000
2025-09-05 11:04:42.699927+05:30,256.65,,798000
2025-09-05 11:04:42.920037+05:30,257.6,,798000
2025-09-05 11:04:43.156499+05:30,257.6,,798000
2025-09-05 11:04:44.191273+05:30,257.0,,798000
2025-09-05 11:04:44.659988+05:30,257.0,,798000
2025-09-05 11:04:45.165516+05:30,256.9,,798000
2025-09-05 11:04:45.889596+05:30,257.6,,798000
2025-09-05 11:04:46.181851+05:30,258.25,,798000
2025-09-05 11:04:47.470153+05:30,258.25,,798000
2025-09-05 11:04:47.909590+05:30,257.95,,798000
2025-09-05 11:04:48.135965+05:30,257.9,,798000
2025-09-05 11:04:49.402319+05:30,257.35,,798000
2025-09-05 11:04:49.656407+05:30,255.8,,798000
2025-09-05 11:04:50.140680+05:30,256.1,,798000
2025-09-05 11:04:50.955245+05:30,257.05,,798000
2025-09-05 11:04:51.200405+05:30,256.2,,798000
2025-09-05 11:04:52.264210+05:30,255.7,,798000
2025-09-05 11:04:52.407561+05:30,255.7,,798000
2025-09-05 11:04:53.221727+05:30,256.0,,798000
2025-09-05 11:04:54.445209+05:30,256.0,,798000
2025-09-05 11:04:54.999272+05:30,256.0,,798000
2025-09-05 11:04:55.389946+05:30,255.5,,798000
2025-09-05 11:04:55.889714+05:30,255.95,,798000
2025-09-05 11:04:56.181443+05:30,255.95,,798000
2025-09-05 11:04:57.164624+05:30,256.05,,798000
2025-09-05 11:04:57.639465+05:30,256.05,,798000
2025-09-05 11:04:58.183877+05:30,256.05,,798000
2025-09-05 11:04:59.411434+05:30,253.7,,798000
2025-09-05 11:04:59.647474+05:30,253.7,,798000
2025-09-05 11:05:00.140140+05:30,253.1,,798000
2025-09-05 11:05:00.639824+05:30,253.1,,798000
2025-09-05 11:05:01.191374+05:30,253.1,,798000
2025-09-05 11:05:01.389730+05:30,254.45,,798000
2025-09-05 11:05:02.139614+05:30,255.05,,798000
2025-09-05 11:05:02.687425+05:30,255.05,,798000
2025-09-05 11:05:03.206025+05:30,255.5,,798000
2025-09-05 11:05:04.160277+05:30,254.55,,798000
2025-09-05 11:05:04.889726+05:30,254.55,,798000
2025-09-05 11:05:05.139603+05:30,253.95,,798000
2025-09-05 11:05:06.253297+05:30,253.45,,798000
2025-09-05 11:05:07.225423+05:30,252.55,,798000
2025-09-05 11:05:07.639650+05:30,253.1,,798000
2025-09-05 11:05:08.193607+05:30,253.1,,798000
2025-09-05 11:05:09.211245+05:30,255.0,,798000
2025-09-05 11:05:09.669579+05:30,255.0,,798000
2025-09-05 11:05:10.231762+05:30,253.95,,798000
2025-09-05 11:05:11.162096+05:30,253.1,,798000
2025-09-05 11:05:12.142858+05:30,251.6,,798000
2025-09-05 11:05:12.642543+05:30,251.6,,798000
2025-09-05 11:05:12.917939+05:30,251.75,,798000
2025-09-05 11:05:13.166784+05:30,252.0,,798000
2025-09-05 11:05:14.267809+05:30,252.05,,798000
2025-09-05 11:05:14.634577+05:30,251.95,,798000
2025-09-05 11:05:15.139511+05:30,251.95,,798000
2025-09-05 11:05:16.155592+05:30,251.6,,798000
2025-09-05 11:05:17.135649+05:30,252.05,,798000
2025-09-05 11:05:17.676323+05:30,252.05,,798000
2025-09-05 11:05:18.176349+05:30,255.0,,798000
2025-09-05 11:05:19.210122+05:30,256.2,,798000
2025-09-05 11:05:19.443786+05:30,256.2,,798000
2025-09-05 11:05:20.389337+05:30,255.8,,798000
2025-09-05 11:05:20.944395+05:30,255.8,,798000
2025-09-05 11:05:22.641659+05:30,255.8,,798000
2025-09-05 11:05:23.432679+05:30,259.0,,798000
2025-09-05 11:05:24.139503+05:30,259.15,,798000
2025-09-05 11:05:24.390583+05:30,259.15,,798000
2025-09-05 11:05:25.226760+05:30,258.85,,798000
2025-09-05 11:05:25.953000+05:30,257.2,,798000
2025-09-05 11:05:26.199062+05:30,257.2,,798000
2025-09-05 11:05:27.682126+05:30,257.2,,798000
2025-09-05 11:05:27.902391+05:30,257.2,,798000
2025-09-05 11:05:29.416599+05:30,257.2,,798000
2025-09-05 11:05:30.700905+05:30,259.0,,798000
2025-09-05 11:05:30.889405+05:30,259.0,,798000
2025-09-05 11:05:32.722618+05:30,259.65,,798000
2025-09-05 11:05:33.389396+05:30,259.0,,798000
2025-09-05 11:05:34.417346+05:30,257.5,,798000
2025-09-05 11:05:35.449822+05:30,257.0,,798000
2025-09-05 11:05:35.889429+05:30,257.0,,798000
2025-09-05 11:05:36.208199+05:30,257.0,,798000
2025-09-05 11:05:37.649093+05:30,257.0,,798000
2025-09-05 11:05:37.958894+05:30,257.0,,798000
2025-09-05 11:05:39.414225+05:30,257.0,,798000
2025-09-05 11:05:39.661133+05:30,257.6,,798000
2025-09-05 11:05:40.977329+05:30,257.6,,798000
2025-09-05 11:05:41.164106+05:30,257.6,,798000
2025-09-05 11:05:42.661686+05:30,257.6,,798000
2025-09-05 11:05:42.906792+05:30,257.6,,798000
2025-09-05 11:05:43.666817+05:30,258.75,,798000
2025-09-05 11:05:44.139315+05:30,259.25,,798000
2025-09-05 11:05:44.402985+05:30,259.25,,798000
2025-09-05 11:05:45.889531+05:30,259.25,,798000
2025-09-05 11:05:46.135707+05:30,259.25,,798000
2025-09-05 11:05:47.639168+05:30,259.25,,798000
2025-09-05 11:05:47.924583+05:30,259.25,,798000
2025-09-05 11:05:48.389274+05:30,257.6,,798000
2025-09-05 11:05:49.139307+05:30,257.6,,798000
2025-09-05 11:05:49.395431+05:30,257.6,,798000
2025-09-05 11:05:50.889342+05:30,257.6,,798000
2025-09-05 11:05:51.189057+05:30,257.6,,798000
2025-09-05 11:05:51.639198+05:30,259.35,,798000
2025-09-05 11:05:52.685331+05:30,259.35,,798000
2025-09-05 11:05:52.889187+05:30,259.35,,798000
2025-09-05 11:05:53.214211+05:30,259.4,,798000
2025-09-05 11:05:54.428385+05:30,259.4,,798000
2025-09-05 11:05:55.921194+05:30,259.4,,798000
2025-09-05 11:05:56.134573+05:30,259.4,,798000
2025-09-05 11:05:57.639087+05:30,259.4,,798000
2025-09-05 11:05:57.944246+05:30,259.4,,798000
2025-09-05 11:05:58.228399+05:30,261.0,,798000
2025-09-05 11:05:59.202142+05:30,260.35,,798000
2025-09-05 11:05:59.432927+05:30,260.85,,798000
2025-09-05 11:06:00.162768+05:30,259.65,,798000
2025-09-05 11:06:00.417889+05:30,259.65,,798000
2025-09-05 11:06:00.916214+05:30,259.65,,798000
2025-09-05 11:06:01.139413+05:30,259.65,,798000
2025-09-05 11:06:02.708454+05:30,259.65,,798000
2025-09-05 11:06:02.960019+05:30,259.65,,798000
2025-09-05 11:06:03.651895+05:30,259.5,,798000
2025-09-05 11:06:04.389319+05:30,259.5,,798000
2025-09-05 11:06:05.951296+05:30,259.5,,798000
2025-09-05 11:06:06.175381+05:30,259.5,,798000
2025-09-05 11:06:07.178201+05:30,259.65,,798000
2025-09-05 11:06:07.692937+05:30,260.0,,798000
2025-09-05 11:06:07.960042+05:30,260.0,,798000
2025-09-05 11:06:08.397878+05:30,260.9,,798000
2025-09-05 11:06:09.413279+05:30,260.9,,798000
2025-09-05 11:06:09.638960+05:30,260.9,,798000
2025-09-05 11:06:10.639991+05:30,260.4,,798000
2025-09-05 11:06:10.960832+05:30,260.4,,798000
2025-09-05 11:06:11.219782+05:30,260.4,,798000
2025-09-05 11:06:11.389096+05:30,260.85,,798000
2025-09-05 11:06:12.667782+05:30,258.95,,798000
2025-09-05 11:06:12.954080+05:30,258.95,,798000
2025-09-05 11:06:13.145455+05:30,258.95,,798000
2025-09-05 11:06:13.925569+05:30,258.6,,798000
2025-09-05 11:06:14.190296+05:30,258.6,,798000
2025-09-05 11:06:14.406058+05:30,258.6,,798000
2025-09-05 11:06:15.992935+05:30,258.6,,798000
2025-09-05 11:06:16.138294+05:30,258.6,,798000
2025-09-05 11:06:16.644363+05:30,257.65,,798000
2025-09-05 11:06:17.388961+05:30,257.65,,798000
2025-09-05 11:06:17.660651+05:30,257.65,,798000
2025-09-05 11:06:18.394336+05:30,258.8,,798000
2025-09-05 11:06:19.215134+05:30,259.4,,798000
2025-09-05 11:06:19.411230+05:30,259.4,,798000
2025-09-05 11:06:20.144581+05:30,259.45,,798000
2025-09-05 11:06:20.987310+05:30,259.45,,798000
2025-09-05 11:06:21.183471+05:30,259.45,,798000
2025-09-05 11:06:22.504924+05:30,259.45,,798000
2025-09-05 11:06:22.651848+05:30,259.45,,798000
2025-09-05 11:06:23.680791+05:30,259.0,,798000
2025-09-05 11:06:24.428678+05:30,259.0,,798000
2025-09-05 11:06:25.944661+05:30,259.0,,798000
2025-09-05 11:06:26.224151+05:30,259.0,,798000
2025-09-05 11:06:26.407110+05:30,257.0,,798000
2025-09-05 11:06:27.410838+05:30,256.0,,798000
2025-09-05 11:06:27.634245+05:30,256.0,,798000
2025-09-05 11:06:28.503470+05:30,255.95,,798000
2025-09-05 11:06:29.180782+05:30,254.65,,798000
2025-09-05 11:06:29.388929+05:30,254.65,,798000
2025-09-05 11:06:30.459646+05:30,254.4,,798000
2025-09-05 11:06:30.949307+05:30,254.35,,798000
2025-09-05 11:06:31.164466+05:30,254.35,,798000
2025-09-05 11:06:32.240755+05:30,253.5,,798000
2025-09-05 11:06:32.407444+05:30,253.5,,798000
2025-09-05 11:06:32.666122+05:30,254.95,,798000
2025-09-05 11:06:33.182609+05:30,254.95,,798000
2025-09-05 11:06:34.496672+05:30,255.05,,798000
2025-09-05 11:06:35.987483+05:30,254.4,,798000
2025-09-05 11:06:36.139267+05:30,254.35,,798000
2025-09-05 11:06:37.483868+05:30,254.35,,798000
2025-09-05 11:06:37.661848+05:30,254.35,,798000
2025-09-05 11:06:39.389178+05:30,254.35,,798000
2025-09-05 11:06:39.650585+05:30,254.35,,798000
2025-09-05 11:06:39.890613+05:30,255.3,,798000
2025-09-05 11:06:40.906120+05:30,255.3,,798000
2025-09-05 11:06:41.135510+05:30,255.3,,798000
2025-09-05 11:06:42.388876+05:30,255.3,,798000
2025-09-05 11:06:42.660698+05:30,255.3,,798000
2025-09-05 11:06:43.700725+05:30,255.75,,795525
2025-09-05 11:06:44.388794+05:30,255.75,,795525
2025-09-05 11:06:45.943671+05:30,256.25,,795525
2025-09-05 11:06:46.209812+05:30,256.25,,795525
2025-09-05 11:06:47.655593+05:30,256.25,,795525
2025-09-05 11:06:48.139124+05:30,257.05,,795525
2025-09-05 11:06:49.425512+05:30,257.05,,795525
2025-09-05 11:06:50.888795+05:30,257.05,,795525
2025-09-05 11:06:51.145378+05:30,257.05,,795525
2025-09-05 11:06:51.465298+05:30,257.0,,795525
2025-09-05 11:06:52.638761+05:30,257.0,,795525
2025-09-05 11:06:52.929725+05:30,257.0,,795525
2025-09-05 11:06:54.410512+05:30,257.0,,795525
2025-09-05 11:06:54.677495+05:30,257.0,,795525
2025-09-05 11:06:55.388845+05:30,255.95,,795525
2025-09-05 11:06:55.958240+05:30,255.95,,795525
2025-09-05 11:06:56.147656+05:30,255.95,,795525
2025-09-05 11:06:57.643947+05:30,256.6,,795525
2025-09-05 11:06:57.910762+05:30,256.6,,795525
2025-09-05 11:06:59.402770+05:30,256.6,,795525
2025-09-05 11:06:59.715911+05:30,256.6,,795525
2025-09-05 11:07:00.656782+05:30,256.6,,795525
2025-09-05 11:07:00.961772+05:30,256.6,,795525
2025-09-05 11:07:01.411091+05:30,256.6,,795525
2025-09-05 11:07:02.149607+05:30,257.2,,795525
2025-09-05 11:07:02.388854+05:30,256.55,,795525
2025-09-05 11:07:02.924709+05:30,256.55,,795525
2025-09-05 11:07:03.412615+05:30,256.8,,795525
2025-09-05 11:07:04.388852+05:30,256.8,,795525
2025-09-05 11:07:04.660877+05:30,256.8,,795525
2025-09-05 11:07:05.894895+05:30,256.8,,795525
2025-09-05 11:07:06.244657+05:30,256.8,,795525
2025-09-05 11:07:07.396163+05:30,256.8,,795525
2025-09-05 11:07:07.950756+05:30,256.8,,795525
2025-09-05 11:07:09.182077+05:30,256.8,,795525
2025-09-05 11:07:09.692290+05:30,256.8,,795525
2025-09-05 11:07:10.889144+05:30,256.8,,795525
2025-09-05 11:07:11.422650+05:30,256.8,,795525
2025-09-05 11:07:12.638627+05:30,256.8,,795525
2025-09-05 11:07:12.953555+05:30,256.8,,795525
2025-09-05 11:07:13.226986+05:30,255.5,,795525
2025-09-05 11:07:14.388679+05:30,254.7,,795525
2025-09-05 11:07:14.638824+05:30,254.7,,795525
2025-09-05 11:07:15.156683+05:30,254.55,,795525
2025-09-05 11:07:16.251533+05:30,253.55,,795525
2025-09-05 11:07:17.670739+05:30,253.65,,795525
2025-09-05 11:07:18.638934+05:30,253.35,,795525
2025-09-05 11:07:19.434725+05:30,253.95,,795525
2025-09-05 11:07:20.384737+05:30,253.35,,795525
2025-09-05 11:07:21.138699+05:30,253.85,,795525
2025-09-05 11:07:22.388674+05:30,255.55,,795525
2025-09-05 11:07:22.643418+05:30,256.05,,795525
2025-09-05 11:07:23.156642+05:30,256.05,,795525
2025-09-05 11:07:24.388820+05:30,256.35,,795525
2025-09-05 11:07:25.394848+05:30,255.95,,795525
2025-09-05 11:07:25.910458+05:30,255.65,,795525
2025-09-05 11:07:26.139347+05:30,255.65,,795525
2025-09-05 11:07:27.721864+05:30,255.65,,795525
2025-09-05 11:07:28.634365+05:30,253.9,,795525
2025-09-05 11:07:29.138649+05:30,254.6,,795525
2025-09-05 11:07:30.709119+05:30,254.6,,795525
2025-09-05 11:07:30.888593+05:30,254.6,,795525
2025-09-05 11:07:32.471468+05:30,257.3,,795525
2025-09-05 11:07:32.638584+05:30,257.3,,795525
2025-09-05 11:07:34.188264+05:30,257.3,,795525
2025-09-05 11:07:35.638687+05:30,258.8,,795525
2025-09-05 11:07:36.162920+05:30,258.8,,795525
2025-09-05 11:07:37.644590+05:30,258.8,,795525
2025-09-05 11:07:39.165811+05:30,258.8,,795525
2025-09-05 11:07:39.638378+05:30,256.75,,795525
2025-09-05 11:07:40.390396+05:30,256.05,,795525
2025-09-05 11:07:40.889039+05:30,256.05,,795525
2025-09-05 11:07:41.140279+05:30,256.05,,795525
2025-09-05 11:07:41.660576+05:30,256.75,,795525
2025-09-05 11:07:42.213687+05:30,257.0,,795525
2025-09-05 11:07:42.388842+05:30,257.0,,795525
2025-09-05 11:07:42.676754+05:30,257.0,,795525
2025-09-05 11:07:44.436480+05:30,257.0,,795525
2025-09-05 11:07:45.978832+05:30,257.0,,795525
2025-09-05 11:07:47.638603+05:30,257.0,,795525
2025-09-05 11:07:47.888460+05:30,257.0,,795525
2025-09-05 11:07:49.138690+05:30,257.0,,795525
2025-09-05 11:07:49.388477+05:30,257.0,,795525
2025-09-05 11:07:50.976095+05:30,258.25,,795525
2025-09-05 11:07:52.469568+05:30,258.25,,795525
2025-09-05 11:07:52.674695+05:30,258.25,,795525
2025-09-05 11:07:52.948058+05:30,259.3,,795525
2025-09-05 11:07:53.138505+05:30,259.3,,795525
2025-09-05 11:07:53.888489+05:30,259.8,,795525
2025-09-05 11:07:54.209104+05:30,259.8,,795525
2025-09-05 11:07:55.412743+05:30,258.5,,795525
2025-09-05 11:07:55.943890+05:30,258.5,,795525
2025-09-05 11:07:57.388402+05:30,258.5,,795525
2025-09-05 11:07:57.959124+05:30,257.7,,795525
2025-09-05 11:07:59.138583+05:30,257.7,,795525
2025-09-05 11:07:59.383753+05:30,257.7,,795525
2025-09-05 11:08:00.639269+05:30,257.7,,795525
2025-09-05 11:08:00.961633+05:30,258.65,,795525
2025-09-05 11:08:01.638430+05:30,260.05,,795525
2025-09-05 11:08:02.483124+05:30,260.8,,795525
2025-09-05 11:08:03.910368+05:30,266.35,,795525
2025-09-05 11:08:04.193522+05:30,265.05,,795525
2025-09-05 11:08:04.420583+05:30,264.75,,795525
2025-09-05 11:08:05.386589+05:30,264.5,,795525
2025-09-05 11:08:05.691946+05:30,264.75,,795525
2025-09-05 11:08:05.888421+05:30,264.75,,795525
2025-09-05 11:08:06.393738+05:30,264.75,,795525
2025-09-05 11:08:07.405652+05:30,265.05,,795525
2025-09-05 11:08:08.388460+05:30,265.25,,795525
2025-09-05 11:08:09.172034+05:30,265.75,,795525
2025-09-05 11:08:10.160897+05:30,265.05,,795525
2025-09-05 11:08:10.720724+05:30,264.45,,795525
2025-09-05 11:08:10.917868+05:30,264.45,,795525
2025-09-05 11:08:11.492068+05:30,264.45,,795525
2025-09-05 11:08:12.415552+05:30,264.35,,795525
2025-09-05 11:08:13.231205+05:30,264.75,,795525
2025-09-05 11:08:14.138377+05:30,264.35,,795525
2025-09-05 11:08:14.388280+05:30,264.75,,795525
2025-09-05 11:08:15.388255+05:30,264.8,,795525
2025-09-05 11:08:15.693528+05:30,264.8,,795525
2025-09-05 11:08:15.929047+05:30,263.85,,795525
2025-09-05 11:08:16.411144+05:30,263.85,,795525
2025-09-05 11:08:17.440699+05:30,264.55,,795525
2025-09-05 11:08:17.638127+05:30,264.55,,795525
2025-09-05 11:08:18.139977+05:30,265.3,,795525
2025-09-05 11:08:19.181214+05:30,263.85,,795525
2025-09-05 11:08:20.415656+05:30,264.75,,795525
2025-09-05 11:08:20.644540+05:30,264.9,,795525
2025-09-05 11:08:20.888385+05:30,264.9,,795525
2025-09-05 11:08:21.423027+05:30,264.9,,795525
2025-09-05 11:08:22.404916+05:30,264.9,,795525
2025-09-05 11:08:24.222378+05:30,264.9,,795525
2025-09-05 11:08:24.888576+05:30,265.45,,795525
2025-09-05 11:08:25.665095+05:30,265.45,,795525
2025-09-05 11:08:25.915243+05:30,265.45,,795525
2025-09-05 11:08:27.448098+05:30,265.25,,795525
2025-09-05 11:08:27.638192+05:30,265.25,,795525
2025-09-05 11:08:28.388473+05:30,265.05,,795525
2025-09-05 11:08:29.219138+05:30,265.05,,795525
2025-09-05 11:08:29.660253+05:30,263.85,,795525
2025-09-05 11:08:30.638230+05:30,263.85,,795525
2025-09-05 11:08:30.888185+05:30,263.85,,795525
2025-09-05 11:08:32.417161+05:30,263.85,,795525
2025-09-05 11:08:34.254452+05:30,263.85,,795525
2025-09-05 11:08:35.203428+05:30,265.4,,795525
2025-09-05 11:08:35.672002+05:30,265.4,,795525
2025-09-05 11:08:35.898592+05:30,265.4,,795525
2025-09-05 11:08:36.389051+05:30,266.35,,795525
2025-09-05 11:08:37.224637+05:30,266.35,,795525
2025-09-05 11:08:37.383479+05:30,266.35,,795525
2025-09-05 11:08:39.210526+05:30,265.9,,795525
2025-09-05 11:08:40.688814+05:30,265.9,,795525
2025-09-05 11:08:42.388175+05:30,265.9,,795525
2025-09-05 11:08:44.138559+05:30,265.9,,795525
2025-09-05 11:08:45.688304+05:30,265.9,,795525
2025-09-05 11:08:46.212890+05:30,264.3,,795525
2025-09-05 11:08:46.676881+05:30,262.45,,795525
2025-09-05 11:08:47.435728+05:30,262.45,,795525
2025-09-05 11:08:47.887963+05:30,263.0,,795525
2025-09-05 11:08:48.909710+05:30,263.0,,795525
2025-09-05 11:08:49.906369+05:30,262.0,,795525
2025-09-05 11:08:50.388129+05:30,262.15,,795525
2025-09-05 11:08:50.698852+05:30,262.15,,795525
2025-09-05 11:08:51.638079+05:30,262.0,,795525
2025-09-05 11:08:52.388126+05:30,262.0,,795525
2025-09-05 11:08:52.725260+05:30,260.75,,795525
2025-09-05 11:08:53.138280+05:30,261.45,,795525
2025-09-05 11:08:53.892029+05:30,260.95,,795525
2025-09-05 11:08:54.438392+05:30,260.95,,795525
2025-09-05 11:08:55.426707+05:30,260.0,,795525
2025-09-05 11:08:55.889253+05:30,260.0,,795525
2025-09-05 11:08:57.385376+05:30,260.0,,795525
2025-09-05 11:08:58.910902+05:30,260.0,,795525
2025-09-05 11:09:00.687675+05:30,260.0,,795525
2025-09-05 11:09:00.888072+05:30,260.0,,795525
2025-09-05 11:09:02.411706+05:30,260.0,,795525
2025-09-05 11:09:02.637985+05:30,259.25,,795525
2025-09-05 11:09:03.890536+05:30,259.25,,795525
2025-09-05 11:09:04.921233+05:30,259.15,,795525
2025-09-05 11:09:05.520497+05:30,259.15,,795525
2025-09-05 11:09:05.634164+05:30,259.15,,795525
2025-09-05 11:09:06.213682+05:30,259.2,,795525
2025-09-05 11:09:07.388187+05:30,259.8,,795525
2025-09-05 11:09:08.887921+05:30,259.8,,795525
2025-09-05 11:09:10.467788+05:30,259.8,,795525
2025-09-05 11:09:10.655046+05:30,259.8,,795525
2025-09-05 11:09:12.394095+05:30,259.8,,795525
2025-09-05 11:09:13.883215+05:30,259.8,,795525
2025-09-05 11:09:15.225423+05:30,259.0,,795525
2025-09-05 11:09:15.638087+05:30,259.0,,795525
2025-09-05 11:09:17.209083+05:30,259.0,,795525
2025-09-05 11:09:17.388136+05:30,259.0,,795525
2025-09-05 11:09:17.887911+05:30,262.45,,795525
2025-09-05 11:09:18.404852+05:30,263.0,,795525
2025-09-05 11:09:18.887921+05:30,263.0,,795525
2025-09-05 11:09:19.388076+05:30,264.35,,795525
2025-09-05 11:09:20.226169+05:30,264.25,,795525
2025-09-05 11:09:20.634559+05:30,265.4,,795525
2025-09-05 11:09:21.415274+05:30,265.4,,795525
2025-09-05 11:09:22.133128+05:30,266.15,,795525
2025-09-05 11:09:22.410612+05:30,265.0,,795525
2025-09-05 11:09:23.459803+05:30,265.2,,795525
2025-09-05 11:09:24.227157+05:30,265.85,,795525
2025-09-05 11:09:24.446173+05:30,265.25,,795525
2025-09-05 11:09:25.652279+05:30,265.25,,795525
2025-09-05 11:09:27.161321+05:30,265.8,,795525
2025-09-05 11:09:27.388090+05:30,265.8,,795525
2025-09-05 11:09:28.246564+05:30,266.6,,795525
2025-09-05 11:09:29.164890+05:30,265.9,,795525
2025-09-05 11:09:29.412158+05:30,265.9,,795525
2025-09-05 11:09:30.408262+05:30,265.9,,795525
2025-09-05 11:09:30.634434+05:30,265.9,,795525
2025-09-05 11:09:31.388333+05:30,265.5,,795525
2025-09-05 11:09:32.497030+05:30,265.75,,795525
2025-09-05 11:09:33.388578+05:30,263.9,,795525
2025-09-05 11:09:34.230913+05:30,263.65,,795525
2025-09-05 11:09:35.685421+05:30,263.65,,795525
2025-09-05 11:09:36.411240+05:30,263.05,,795525
2025-09-05 11:09:37.433934+05:30,263.05,,795525
2025-09-05 11:09:38.899926+05:30,263.05,,795525
2025-09-05 11:09:39.158582+05:30,264.75,,795525
2025-09-05 11:09:40.640055+05:30,264.75,,795525
2025-09-05 11:09:42.138376+05:30,264.75,,795525
2025-09-05 11:09:43.536064+05:30,265.45,,793050
2025-09-05 11:09:43.888024+05:30,265.45,,793050
2025-09-05 11:09:45.437678+05:30,265.45,,793050
2025-09-05 11:09:46.387959+05:30,265.5,,793050
2025-09-05 11:09:47.183318+05:30,265.5,,793050
2025-09-05 11:09:47.637678+05:30,266.8,,793050
2025-09-05 11:09:48.887768+05:30,266.3,,793050
2025-09-05 11:09:49.387924+05:30,266.05,,793050
2025-09-05 11:09:50.155456+05:30,265.7,,793050
2025-09-05 11:09:50.660490+05:30,265.7,,793050
2025-09-05 11:09:51.212619+05:30,267.45,,793050
2025-09-05 11:09:52.138395+05:30,267.6,,793050
2025-09-05 11:09:53.427299+05:30,268.0,,793050
2025-09-05 11:09:53.914687+05:30,270.1,,793050
2025-09-05 11:09:54.236398+05:30,270.1,,793050
2025-09-05 11:09:55.179640+05:30,269.7,,793050
2025-09-05 11:09:55.637669+05:30,269.7,,793050
2025-09-05 11:09:56.496662+05:30,269.7,,793050
2025-09-05 11:09:57.137848+05:30,269.7,,793050
2025-09-05 11:09:57.637670+05:30,269.05,,793050
2025-09-05 11:09:58.637719+05:30,269.05,,793050
2025-09-05 11:09:59.186908+05:30,268.6,,793050
2025-09-05 11:10:00.202371+05:30,268.4,,793050
2025-09-05 11:10:00.637774+05:30,268.4,,793050
2025-09-05 11:10:02.218417+05:30,268.4,,793050
2025-09-05 11:10:02.384732+05:30,268.4,,793050
2025-09-05 11:10:02.638174+05:30,269.05,,793050
2025-09-05 11:10:03.438168+05:30,268.65,,793050
2025-09-05 11:10:03.633515+05:30,268.65,,793050
2025-09-05 11:10:03.889160+05:30,268.65,,793050
2025-09-05 11:10:04.887925+05:30,268.8,,793050
2025-09-05 11:10:05.654684+05:30,268.8,,793050
2025-09-05 11:10:07.163247+05:30,268.8,,793050
2025-09-05 11:10:07.456245+05:30,268.8,,793050
2025-09-05 11:10:08.213980+05:30,270.0,,793050
2025-09-05 11:10:08.452275+05:30,270.8,,793050
2025-09-05 11:10:08.664871+05:30,270.4,,793050
2025-09-05 11:10:08.932538+05:30,270.0,,793050
2025-09-05 11:10:09.150030+05:30,270.0,,793050
2025-09-05 11:10:10.637566+05:30,271.4,,793050
2025-09-05 11:10:11.478285+05:30,271.4,,793050
2025-09-05 11:10:12.137826+05:30,271.75,,793050
2025-09-05 11:10:13.428622+05:30,271.6,,793050
2025-09-05 11:10:13.687059+05:30,271.25,,793050
2025-09-05 11:10:13.910902+05:30,271.25,,793050
2025-09-05 11:10:14.208313+05:30,270.95,,793050
2025-09-05 11:10:15.427795+05:30,270.75,,793050
2025-09-05 11:10:15.637650+05:30,270.75,,793050
2025-09-05 11:10:16.387709+05:30,270.75,,793050
2025-09-05 11:10:17.170793+05:30,271.05,,793050
2025-09-05 11:10:18.664606+05:30,271.05,,793050
2025-09-05 11:10:18.888760+05:30,271.05,,793050
2025-09-05 11:10:19.162591+05:30,271.1,,793050
2025-09-05 11:10:20.388505+05:30,271.5,,793050
2025-09-05 11:10:20.637587+05:30,271.65,,793050
2025-09-05 11:10:21.469513+05:30,270.65,,793050
2025-09-05 11:10:22.180516+05:30,270.1,,793050
2025-09-05 11:10:22.545188+05:30,270.1,,793050
2025-09-05 11:10:23.467747+05:30,270.5,,793050
2025-09-05 11:10:23.687635+05:30,269.8,,793050
2025-09-05 11:10:23.889327+05:30,269.8,,793050
2025-09-05 11:10:24.137603+05:30,269.8,,793050
2025-09-05 11:10:25.389199+05:30,271.25,,793050
2025-09-05 11:10:26.382745+05:30,271.25,,793050
2025-09-05 11:10:27.137582+05:30,270.9,,793050
2025-09-05 11:10:27.463798+05:30,270.9,,793050
2025-09-05 11:10:28.154864+05:30,271.25,,793050
2025-09-05 11:10:28.645940+05:30,271.25,,793050
2025-09-05 11:10:28.909446+05:30,271.25,,793050
2025-09-05 11:10:30.204309+05:30,270.45,,793050
2025-09-05 11:10:30.700519+05:30,269.8,,793050
2025-09-05 11:10:33.883632+05:30,269.2,,793050
2025-09-05 11:10:35.159399+05:30,268.45,,793050
2025-09-05 11:10:37.180892+05:30,268.0,,793050
2025-09-05 11:10:38.405362+05:30,268.0,,793050
2025-09-05 11:10:38.637441+05:30,268.0,,793050
2025-09-05 11:10:40.163452+05:30,269.15,,793050
2025-09-05 11:10:40.686884+05:30,269.15,,793050
2025-09-05 11:10:41.924375+05:30,269.15,,793050
2025-09-05 11:10:42.164681+05:30,269.15,,793050
2025-09-05 11:10:43.637466+05:30,269.15,,793050
2025-09-05 11:10:44.166079+05:30,267.0,,793050
2025-09-05 11:10:45.387659+05:30,266.75,,793050
2025-09-05 11:10:46.218529+05:30,267.0,,793050
2025-09-05 11:10:46.914319+05:30,267.0,,793050
2025-09-05 11:10:47.447555+05:30,267.4,,793050
2025-09-05 11:10:48.691812+05:30,267.4,,793050
2025-09-05 11:10:49.659919+05:30,267.15,,793050
2025-09-05 11:10:50.387457+05:30,267.15,,793050
2025-09-05 11:10:50.698922+05:30,267.15,,793050
2025-09-05 11:10:51.931390+05:30,267.15,,793050
2025-09-05 11:10:52.250890+05:30,267.15,,793050
2025-09-05 11:10:53.383762+05:30,267.2,,793050
2025-09-05 11:10:53.650897+05:30,267.2,,793050
2025-09-05 11:10:54.387885+05:30,267.45,,793050
2025-09-05 11:10:55.520326+05:30,267.45,,793050
2025-09-05 11:10:56.634380+05:30,265.0,,793050
2025-09-05 11:10:57.139083+05:30,265.0,,793050
2025-09-05 11:10:58.637317+05:30,265.0,,793050
2025-09-05 11:10:59.662057+05:30,264.9,,793050
2025-09-05 11:11:00.214800+05:30,264.9,,793050
2025-09-05 11:11:00.422816+05:30,264.9,,793050
2025-09-05 11:11:00.887384+05:30,266.95,,793050
2025-09-05 11:11:02.203687+05:30,266.95,,793050
2025-09-05 11:11:03.237065+05:30,266.15,,793050
2025-09-05 11:11:03.637542+05:30,266.15,,793050
2025-09-05 11:11:04.192773+05:30,265.35,,793050
2025-09-05 11:11:04.695482+05:30,265.5,,793050
2025-09-05 11:11:05.416873+05:30,266.15,,793050
2025-09-05 11:11:06.458367+05:30,266.65,,793050
2025-09-05 11:11:07.178191+05:30,266.65,,793050
2025-09-05 11:11:08.637347+05:30,266.65,,793050
2025-09-05 11:11:09.249538+05:30,267.2,,793050
2025-09-05 11:11:10.159524+05:30,267.2,,793050
2025-09-05 11:11:12.159692+05:30,267.2,,793050
2025-09-05 11:11:12.649213+05:30,266.45,,793050
2025-09-05 11:11:13.683585+05:30,265.95,,793050
2025-09-05 11:11:15.199942+05:30,265.95,,793050
2025-09-05 11:11:17.187024+05:30,265.95,,793050
2025-09-05 11:11:18.704397+05:30,265.95,,793050
2025-09-05 11:11:20.404411+05:30,265.95,,793050
2025-09-05 11:11:20.887284+05:30,265.4,,793050
2025-09-05 11:11:22.189605+05:30,265.4,,793050
2025-09-05 11:11:23.665343+05:30,265.4,,793050
2025-09-05 11:11:23.911658+05:30,265.9,,793050
2025-09-05 11:11:25.137256+05:30,265.9,,793050
2025-09-05 11:11:25.409137+05:30,265.9,,793050
2025-09-05 11:11:27.137208+05:30,265.9,,793050
2025-09-05 11:11:28.655095+05:30,265.9,,793050
2025-09-05 11:11:30.415158+05:30,265.9,,793050
2025-09-05 11:11:30.681095+05:30,265.9,,793050
2025-09-05 11:11:31.888196+05:30,265.9,,793050
2025-09-05 11:11:33.637914+05:30,265.9,,793050
2025-09-05 11:11:33.907545+05:30,265.4,,793050
2025-09-05 11:11:34.169478+05:30,265.0,,793050
2025-09-05 11:11:35.228086+05:30,265.0,,793050
2025-09-05 11:11:36.148758+05:30,265.6,,793050
2025-09-05 11:11:36.908724+05:30,265.6,,793050
2025-09-05 11:11:38.640950+05:30,265.6,,793050
2025-09-05 11:11:40.430552+05:30,265.6,,793050
2025-09-05 11:11:41.914137+05:30,265.6,,793050
2025-09-05 11:11:43.448464+05:30,265.6,,793050
2025-09-05 11:11:43.656844+05:30,265.6,,793050
2025-09-05 11:11:44.137322+05:30,265.8,,793050
2025-09-05 11:11:45.197722+05:30,264.85,,793050
2025-09-05 11:11:45.463844+05:30,264.85,,793050
2025-09-05 11:11:46.882534+05:30,264.85,,793050
2025-09-05 11:11:48.150324+05:30,262.95,,793050
2025-09-05 11:11:48.435369+05:30,262.95,,793050
2025-09-05 11:11:49.887505+05:30,262.35,,793050
2025-09-05 11:11:50.137166+05:30,262.35,,793050
2025-09-05 11:11:50.637046+05:30,262.15,,793050
2025-09-05 11:11:51.474828+05:30,262.65,,793050
2025-09-05 11:11:51.910350+05:30,261.9,,793050
2025-09-05 11:11:52.438608+05:30,262.7,,793050
2025-09-05 11:11:53.733361+05:30,262.6,,793050
2025-09-05 11:11:55.216733+05:30,262.05,,793050
2025-09-05 11:11:55.413943+05:30,262.05,,793050
2025-09-05 11:11:56.434552+05:30,262.5,,793050
2025-09-05 11:11:56.714830+05:30,262.5,,793050
2025-09-05 11:11:56.887001+05:30,262.5,,793050
2025-09-05 11:11:57.463249+05:30,262.85,,793050
2025-09-05 11:11:58.382743+05:30,262.85,,793050
2025-09-05 11:12:00.210547+05:30,262.85,,793050
2025-09-05 11:12:00.388521+05:30,262.85,,793050
2025-09-05 11:12:00.909132+05:30,261.9,,793050
2025-09-05 11:12:01.637022+05:30,261.9,,793050
2025-09-05 11:12:03.473759+05:30,261.9,,793050
2025-09-05 11:12:04.904106+05:30,261.9,,793050
2025-09-05 11:12:05.137217+05:30,260.0,,793050
2025-09-05 11:12:06.137142+05:30,258.5,,793050
2025-09-05 11:12:06.437999+05:30,258.5,,793050
2025-09-05 11:12:06.672369+05:30,258.45,,793050
2025-09-05 11:12:07.636980+05:30,258.4,,793050
2025-09-05 11:12:08.137088+05:30,257.95,,793050
2025-09-05 11:12:09.510068+05:30,257.35,,793050
2025-09-05 11:12:09.895317+05:30,257.35,,793050
2025-09-05 11:12:10.425626+05:30,256.15,,793050
2025-09-05 11:12:11.637083+05:30,256.85,,793050
2025-09-05 11:12:12.399596+05:30,256.7,,793050
2025-09-05 11:12:13.142325+05:30,256.75,,793050
2025-09-05 11:12:13.419978+05:30,256.75,,793050
2025-09-05 11:12:14.636874+05:30,256.75,,793050
2025-09-05 11:12:14.937512+05:30,256.75,,793050
2025-09-05 11:12:15.636918+05:30,257.25,,793050
2025-09-05 11:12:16.481306+05:30,257.25,,793050
2025-09-05 11:12:17.637680+05:30,256.5,,793050
2025-09-05 11:12:18.136910+05:30,256.5,,793050
2025-09-05 11:12:19.198107+05:30,255.9,,793050
2025-09-05 11:12:19.681924+05:30,255.85,,793050
2025-09-05 11:12:19.892414+05:30,255.85,,793050
2025-09-05 11:12:21.421272+05:30,255.85,,793050
2025-09-05 11:12:22.212918+05:30,256.3,,793050
2025-09-05 11:12:22.654783+05:30,256.5,,793050
2025-09-05 11:12:23.213911+05:30,256.5,,793050
2025-09-05 11:12:23.460639+05:30,256.5,,793050
2025-09-05 11:12:24.637137+05:30,256.5,,793050
2025-09-05 11:12:24.906270+05:30,256.5,,793050
2025-09-05 11:12:26.382533+05:30,256.5,,793050
2025-09-05 11:12:26.705313+05:30,256.5,,793050
2025-09-05 11:12:26.909337+05:30,255.0,,793050
2025-09-05 11:12:27.887173+05:30,254.6,,793050
2025-09-05 11:12:28.235842+05:30,254.6,,793050
2025-09-05 11:12:28.409964+05:30,254.6,,793050
2025-09-05 11:12:28.881947+05:30,254.25,,793050
2025-09-05 11:12:29.392817+05:30,254.55,,793050
2025-09-05 11:12:29.675525+05:30,254.4,,793050
2025-09-05 11:12:29.906315+05:30,254.4,,793050
2025-09-05 11:12:30.415869+05:30,254.4,,793050
2025-09-05 11:12:31.218388+05:30,254.65,,793050
2025-09-05 11:12:31.712219+05:30,254.65,,793050
2025-09-05 11:12:32.920607+05:30,255.55,,793050
2025-09-05 11:12:33.156323+05:30,255.55,,793050
2025-09-05 11:12:34.403695+05:30,255.3,,793050
2025-09-05 11:12:34.692083+05:30,254.4,,793050
2025-09-05 11:12:34.886911+05:30,254.4,,793050
2025-09-05 11:12:35.419919+05:30,254.75,,793050
2025-09-05 11:12:36.195289+05:30,253.0,,793050
2025-09-05 11:12:36.424591+05:30,253.0,,793050
2025-09-05 11:12:37.496638+05:30,253.0,,793050
2025-09-05 11:12:38.132615+05:30,252.5,,793050
2025-09-05 11:12:38.382053+05:30,252.5,,793050
2025-09-05 11:12:39.477083+05:30,252.5,,793050
2025-09-05 11:12:39.903370+05:30,252.5,,793050
2025-09-05 11:12:40.462214+05:30,252.25,,793050
2025-09-05 11:12:41.474494+05:30,250.45,,793050
2025-09-05 11:12:41.699291+05:30,250.45,,793050
2025-09-05 11:12:43.183977+05:30,250.45,,793050
2025-09-05 11:12:43.456906+05:30,250.45,,793050
2025-09-05 11:12:44.171190+05:30,251.1,,789450
2025-09-05 11:12:44.461159+05:30,250.4,,789450
2025-09-05 11:12:44.632564+05:30,250.4,,789450
2025-09-05 11:12:44.913715+05:30,250.4,,789450
2025-09-05 11:12:45.386788+05:30,251.0,,789450
2025-09-05 11:12:46.182084+05:30,253.6,,789450
2025-09-05 11:12:46.386843+05:30,253.6,,789450
2025-09-05 11:12:48.138481+05:30,253.6,,789450
2025-09-05 11:12:49.661684+05:30,253.6,,789450
2025-09-05 11:12:49.886827+05:30,253.6,,789450
2025-09-05 11:12:51.191132+05:30,253.6,,789450
2025-09-05 11:12:51.414868+05:30,254.0,,789450
2025-09-05 11:12:52.394151+05:30,254.35,,789450
2025-09-05 11:12:53.148910+05:30,254.35,,789450
2025-09-05 11:12:53.387595+05:30,254.35,,789450
2025-09-05 11:12:54.636753+05:30,254.35,,789450
2025-09-05 11:12:54.884618+05:30,254.35,,789450
2025-09-05 11:12:56.496704+05:30,254.35,,789450
2025-09-05 11:12:58.175536+05:30,254.35,,789450
2025-09-05 11:12:58.458538+05:30,254.35,,789450
2025-09-05 11:12:58.886692+05:30,253.6,,789450
2025-09-05 11:12:59.700242+05:30,253.6,,789450
2025-09-05 11:12:59.953202+05:30,253.6,,789450
2025-09-05 11:13:00.413074+05:30,253.6,,789450
2025-09-05 11:13:00.654149+05:30,253.6,,789450
2025-09-05 11:13:01.464395+05:30,253.6,,789450
2025-09-05 11:13:02.648899+05:30,252.25,,789450
2025-09-05 11:13:03.159334+05:30,252.25,,789450
2025-09-05 11:13:03.408882+05:30,252.25,,789450
2025-09-05 11:13:04.908945+05:30,252.25,,789450
2025-09-05 11:13:06.459501+05:30,252.25,,789450
2025-09-05 11:13:08.197698+05:30,251.0,,789450
2025-09-05 11:13:08.471661+05:30,251.0,,789450
2025-09-05 11:13:09.636580+05:30,252.2,,789450
2025-09-05 11:13:09.951359+05:30,252.15,,789450
2025-09-05 11:13:10.386675+05:30,252.15,,789450
2025-09-05 11:13:11.691565+05:30,252.15,,789450
2025-09-05 11:13:13.136731+05:30,252.15,,789450
2025-09-05 11:13:14.974457+05:30,252.15,,789450
2025-09-05 11:13:16.386667+05:30,254.0,,789450
2025-09-05 11:13:17.198572+05:30,255.3,,789450
2025-09-05 11:13:18.136676+05:30,255.3,,789450
2025-09-05 11:13:19.633052+05:30,253.05,,789450
2025-09-05 11:13:20.386651+05:30,253.25,,789450
2025-09-05 11:13:21.386622+05:30,253.25,,789450
2025-09-05 11:13:21.886454+05:30,253.75,,789450
2025-09-05 11:13:23.191672+05:30,253.75,,789450
2025-09-05 11:13:23.886456+05:30,253.4,,789450
2025-09-05 11:13:24.665163+05:30,253.4,,789450
2025-09-05 11:13:26.386620+05:30,253.4,,789450
2025-09-05 11:13:28.148731+05:30,252.5,,789450
2025-09-05 11:13:29.660026+05:30,252.5,,789450
2025-09-05 11:13:30.668872+05:30,252.5,,789450
2025-09-05 11:13:31.158615+05:30,252.8,,789450
2025-09-05 11:13:31.386611+05:30,253.2,,789450
2025-09-05 11:13:32.636594+05:30,252.85,,789450
2025-09-05 11:13:33.219213+05:30,252.85,,789450
2025-09-05 11:13:34.132563+05:30,253.0,,789450
2025-09-05 11:13:34.664770+05:30,253.0,,789450
2025-09-05 11:13:36.446551+05:30,251.95,,789450
2025-09-05 11:13:36.636487+05:30,252.05,,789450
2025-09-05 11:13:37.387598+05:30,251.35,,789450
2025-09-05 11:13:37.886354+05:30,251.35,,789450
2025-09-05 11:13:38.173638+05:30,250.45,,789450
2025-09-05 11:13:38.384706+05:30,250.45,,789450
2025-09-05 11:13:39.405254+05:30,250.25,,789450
2025-09-05 11:13:39.670370+05:30,250.25,,789450
2025-09-05 11:13:40.669496+05:30,249.95,,789450
2025-09-05 11:13:41.425857+05:30,249.95,,789450
2025-09-05 11:13:41.915601+05:30,249.85,,789450
2025-09-05 11:13:42.658292+05:30,250.5,,789450
2025-09-05 11:13:43.407848+05:30,250.5,,789450
2025-09-05 11:13:43.882351+05:30,251.4,,789450
2025-09-05 11:13:44.649395+05:30,251.4,,789450
2025-09-05 11:13:45.457545+05:30,251.4,,789450
2025-09-05 11:13:45.637317+05:30,252.1,,789450
2025-09-05 11:13:46.386539+05:30,252.1,,789450
2025-09-05 11:13:47.908142+05:30,252.1,,789450
2025-09-05 11:13:48.167168+05:30,252.1,,789450
2025-09-05 11:13:49.643356+05:30,252.1,,789450
2025-09-05 11:13:51.445967+05:30,253.45,,789450
2025-09-05 11:13:52.886391+05:30,253.45,,789450
2025-09-05 11:13:53.203679+05:30,253.9,,789450
2025-09-05 11:13:54.644227+05:30,253.9,,789450
2025-09-05 11:13:56.233051+05:30,253.9,,789450
2025-09-05 11:13:56.421154+05:30,253.9,,789450
2025-09-05 11:13:57.917848+05:30,253.9,,789450
2025-09-05 11:13:59.391410+05:30,253.9,,789450
2025-09-05 11:13:59.886323+05:30,253.9,,789450
2025-09-05 11:14:00.636356+05:30,253.9,,789450
2025-09-05 11:14:01.386292+05:30,253.9,,789450
2025-09-05 11:14:01.891366+05:30,254.45,,789450
2025-09-05 11:14:02.896488+05:30,254.45,,789450
2025-09-05 11:14:03.631525+05:30,254.35,,789450
2025-09-05 11:14:04.414558+05:30,254.35,,789450
2025-09-05 11:14:04.886904+05:30,255.0,,789450
2025-09-05 11:14:06.466471+05:30,255.0,,789450
2025-09-05 11:14:07.389734+05:30,255.0,,789450
2025-09-05 11:14:07.881242+05:30,255.0,,789450
2025-09-05 11:14:08.675131+05:30,254.25,,789450
2025-09-05 11:14:09.407414+05:30,254.25,,789450
2025-09-05 11:14:09.637571+05:30,254.25,,789450
2025-09-05 11:14:11.135268+05:30,254.25,,789450
2025-09-05 11:14:11.636338+05:30,254.25,,789450
2025-09-05 11:14:12.909893+05:30,255.0,,789450
2025-09-05 11:14:13.179269+05:30,255.0,,789450
2025-09-05 11:14:13.399934+05:30,254.95,,789450
2025-09-05 11:14:14.439985+05:30,254.95,,789450
2025-09-05 11:14:14.636485+05:30,254.95,,789450
2025-09-05 11:14:16.138422+05:30,254.95,,789450
2025-09-05 11:14:16.458073+05:30,254.95,,789450
2025-09-05 11:14:17.172742+05:30,253.85,,789450
2025-09-05 11:14:17.664731+05:30,253.85,,789450
2025-09-05 11:14:18.158381+05:30,253.85,,789450
2025-09-05 11:14:19.450153+05:30,253.85,,789450
2025-09-05 11:14:19.636245+05:30,253.85,,789450
2025-09-05 11:14:21.161049+05:30,253.85,,789450
2025-09-05 11:14:21.471114+05:30,253.85,,789450
2025-09-05 11:14:22.636363+05:30,253.85,,789450
2025-09-05 11:14:23.136213+05:30,253.85,,789450
2025-09-05 11:14:24.207752+05:30,253.85,,789450
2025-09-05 11:14:24.696930+05:30,253.85,,789450
2025-09-05 11:14:24.886219+05:30,255.8,,789450
2025-09-05 11:14:25.886188+05:30,255.8,,789450
2025-09-05 11:14:26.180492+05:30,255.8,,789450
2025-09-05 11:14:27.170032+05:30,254.7,,789450
2025-09-05 11:14:27.654145+05:30,254.7,,789450
2025-09-05 11:14:28.136245+05:30,254.7,,789450
2025-09-05 11:14:28.659827+05:30,254.6,,789450
2025-09-05 11:14:29.386264+05:30,254.6,,789450
2025-09-05 11:14:29.668304+05:30,254.6,,789450
2025-09-05 11:14:30.169708+05:30,254.05,,789450
2025-09-05 11:14:30.655591+05:30,254.05,,789450
2025-09-05 11:14:30.886222+05:30,254.05,,789450
2025-09-05 11:14:31.454443+05:30,253.6,,789450
2025-09-05 11:14:32.403524+05:30,253.6,,789450
2025-09-05 11:14:32.887808+05:30,253.6,,789450
2025-09-05 11:14:34.136254+05:30,253.6,,789450
2025-09-05 11:14:34.657892+05:30,253.6,,789450
2025-09-05 11:14:35.408827+05:30,253.9,,789450
2025-09-05 11:14:35.881212+05:30,253.9,,789450
2025-09-05 11:14:36.163463+05:30,253.9,,789450
2025-09-05 11:14:37.713201+05:30,253.9,,789450
2025-09-05 11:14:37.886116+05:30,253.9,,789450
2025-09-05 11:14:39.386198+05:30,253.9,,789450
2025-09-05 11:14:39.636086+05:30,253.05,,789450
2025-09-05 11:14:40.388929+05:30,253.7,,789450
2025-09-05 11:14:40.903139+05:30,253.7,,789450
2025-09-05 11:14:41.136124+05:30,253.7,,789450
2025-09-05 11:14:42.636056+05:30,253.7,,789450
2025-09-05 11:14:42.886111+05:30,253.7,,789450
2025-09-05 11:14:44.188743+05:30,253.7,,789450
2025-09-05 11:14:44.443242+05:30,253.7,,789450
2025-09-05 11:14:45.971370+05:30,253.7,,789450
2025-09-05 11:14:46.154059+05:30,253.05,,789450
2025-09-05 11:14:47.680284+05:30,255.2,,789450
2025-09-05 11:14:47.885916+05:30,255.2,,789450
2025-09-05 11:14:48.636101+05:30,255.2,,789450
2025-09-05 11:14:49.179807+05:30,255.2,,789450
2025-09-05 11:14:49.687923+05:30,255.2,,789450
2025-09-05 11:14:50.149183+05:30,255.0,,789450
2025-09-05 11:14:50.885983+05:30,255.0,,789450
2025-09-05 11:14:51.386037+05:30,255.0,,789450
2025-09-05 11:14:52.382589+05:30,256.2,,789450
2025-09-05 11:14:52.912984+05:30,256.2,,789450
2025-09-05 11:14:53.405029+05:30,256.2,,789450
2025-09-05 11:14:54.136518+05:30,256.2,,789450
2025-09-05 11:14:54.386305+05:30,256.2,,789450
2025-09-05 11:14:55.885949+05:30,256.2,,789450
2025-09-05 11:14:56.461179+05:30,256.8,,789450
2025-09-05 11:14:57.419351+05:30,256.8,,789450
2025-09-05 11:14:57.636067+05:30,257.7,,789450
2025-09-05 11:14:57.890988+05:30,257.7,,789450
2025-09-05 11:14:58.631773+05:30,257.4,,789450
2025-09-05 11:14:59.188233+05:30,257.4,,789450
2025-09-05 11:14:59.649614+05:30,257.4,,789450
2025-09-05 11:15:00.135951+05:30,257.45,,789450
2025-09-05 11:15:00.386230+05:30,257.45,,789450
2025-09-05 11:15:01.180666+05:30,257.45,,789450
2025-09-05 11:15:02.636080+05:30,257.65,,789450
2025-09-05 11:15:02.924375+05:30,258.0,,789450
2025-09-05 11:15:03.672952+05:30,258.0,,789450
2025-09-05 11:15:04.158743+05:30,257.7,,789450
2025-09-05 11:15:04.604639+05:30,258.15,,789450
2025-09-05 11:15:05.386043+05:30,257.9,,789450
2025-09-05 11:15:05.885859+05:30,258.95,,789450
2025-09-05 11:15:06.398947+05:30,258.95,,789450
2025-09-05 11:15:07.462990+05:30,257.25,,789450
2025-09-05 11:15:07.924126+05:30,257.25,,789450
2025-09-05 11:15:09.156053+05:30,257.25,,789450
2025-09-05 11:15:09.448373+05:30,257.25,,789450
2025-09-05 11:15:10.676741+05:30,257.25,,789450
2025-09-05 11:15:11.176946+05:30,257.25,,789450
2025-09-05 11:15:12.168655+05:30,257.25,,789450
2025-09-05 11:15:12.633648+05:30,258.05,,789450
2025-09-05 11:15:13.886140+05:30,258.05,,789450
2025-09-05 11:15:14.434815+05:30,258.05,,789450
2025-09-05 11:15:15.658740+05:30,258.05,,789450
2025-09-05 11:15:16.131103+05:30,258.05,,789450
2025-09-05 11:15:17.421113+05:30,258.05,,789450
2025-09-05 11:15:17.635963+05:30,259.0,,789450
2025-09-05 11:15:18.936420+05:30,259.0,,789450
2025-09-05 11:15:19.668980+05:30,259.0,,789450
2025-09-05 11:15:20.135778+05:30,260.0,,789450
2025-09-05 11:15:20.416130+05:30,260.0,,789450
2025-09-05 11:15:20.690556+05:30,260.0,,789450
2025-09-05 11:15:21.220992+05:30,260.0,,789450
2025-09-05 11:15:21.433593+05:30,260.7,,789450
2025-09-05 11:15:22.135727+05:30,261.55,,789450
2025-09-05 11:15:22.383688+05:30,261.55,,789450
2025-09-05 11:15:22.631772+05:30,261.55,,789450
2025-09-05 11:15:23.880792+05:30,260.65,,789450
2025-09-05 11:15:24.527596+05:30,260.65,,789450
2025-09-05 11:15:24.907529+05:30,260.9,,789450
2025-09-05 11:15:25.391340+05:30,261.3,,789450
2025-09-05 11:15:25.886758+05:30,261.45,,789450
2025-09-05 11:15:26.130718+05:30,261.45,,789450
2025-09-05 11:15:26.407765+05:30,261.45,,789450
2025-09-05 11:15:27.386550+05:30,260.85,,789450
2025-09-05 11:15:27.681791+05:30,260.85,,789450
2025-09-05 11:15:29.135820+05:30,261.15,,789450
2025-09-05 11:15:29.483334+05:30,261.15,,789450
2025-09-05 11:15:30.395345+05:30,261.35,,789450
2025-09-05 11:15:31.135872+05:30,263.85,,789450
2025-09-05 11:15:31.650642+05:30,264.0,,789450
2025-09-05 11:15:32.387722+05:30,263.75,,789450
2025-09-05 11:15:32.907936+05:30,263.35,,789450
2025-09-05 11:15:33.391318+05:30,264.0,,789450
2025-09-05 11:15:34.152921+05:30,264.0,,789450
2025-09-05 11:15:34.412308+05:30,264.0,,789450
2025-09-05 11:15:34.684321+05:30,264.0,,789450
2025-09-05 11:15:35.436075+05:30,263.95,,789450
2025-09-05 11:15:35.885968+05:30,264.0,,789450
2025-09-05 11:15:36.660063+05:30,264.0,,789450
2025-09-05 11:15:37.463202+05:30,264.0,,789450
2025-09-05 11:15:37.698890+05:30,263.95,,789450
2025-09-05 11:15:38.383046+05:30,263.9,,789450
2025-09-05 11:15:39.135739+05:30,263.95,,789450
2025-09-05 11:15:39.391092+05:30,265.0,,789450
2025-09-05 11:15:40.385846+05:30,265.6,,789450
2025-09-05 11:15:40.904787+05:30,265.6,,789450
2025-09-05 11:15:41.385771+05:30,265.1,,789450
2025-09-05 11:15:42.387577+05:30,265.1,,789450
2025-09-05 11:15:42.885616+05:30,265.1,,789450
2025-09-05 11:15:44.153077+05:30,265.1,,789450
2025-09-05 11:15:44.402686+05:30,265.1,,789450
2025-09-05 11:15:44.885715+05:30,267.05,,791325
2025-09-05 11:15:45.666422+05:30,267.05,,791325
2025-09-05 11:15:45.900913+05:30,266.65,,791325
2025-09-05 11:15:46.430511+05:30,266.7,,791325
2025-09-05 11:15:47.496219+05:30,267.45,,791325
2025-09-05 11:15:48.902815+05:30,267.45,,791325
2025-09-05 11:15:49.386806+05:30,267.45,,791325
2025-09-05 11:15:50.452551+05:30,266.7,,791325
2025-09-05 11:15:50.686829+05:30,266.7,,791325
2025-09-05 11:15:50.880715+05:30,266.7,,791325
2025-09-05 11:15:52.158282+05:30,264.0,,791325
2025-09-05 11:15:52.519877+05:30,264.0,,791325
2025-09-05 11:15:53.479914+05:30,265.1,,791325
2025-09-05 11:15:53.635876+05:30,265.1,,791325
2025-09-05 11:15:54.135749+05:30,265.1,,791325
2025-09-05 11:15:55.385793+05:30,264.7,,791325
2025-09-05 11:15:55.945407+05:30,264.7,,791325
2025-09-05 11:15:56.730649+05:30,265.25,,791325
2025-09-05 11:15:57.158338+05:30,265.25,,791325
2025-09-05 11:15:57.442828+05:30,265.25,,791325
2025-09-05 11:15:58.679712+05:30,266.0,,791325
2025-09-05 11:15:59.220518+05:30,266.0,,791325
2025-09-05 11:15:59.482812+05:30,265.8,,791325
2025-09-05 11:16:00.428378+05:30,265.8,,791325
2025-09-05 11:16:00.885733+05:30,265.8,,791325
2025-09-05 11:16:02.148210+05:30,265.8,,791325
2025-09-05 11:16:02.687441+05:30,265.8,,791325
2025-09-05 11:16:03.486151+05:30,263.5,,791325
2025-09-05 11:16:03.676124+05:30,263.5,,791325
2025-09-05 11:16:04.223288+05:30,263.5,,791325
2025-09-05 11:16:05.385636+05:30,263.5,,791325
2025-09-05 11:16:05.919284+05:30,263.5,,791325
2025-09-05 11:16:07.148846+05:30,263.5,,791325
2025-09-05 11:16:07.419142+05:30,263.5,,791325
2025-09-05 11:16:08.665651+05:30,263.5,,791325
2025-09-05 11:16:09.179489+05:30,263.5,,791325
2025-09-05 11:16:10.385615+05:30,263.5,,791325
2025-09-05 11:16:10.880647+05:30,263.5,,791325
2025-09-05 11:16:12.162664+05:30,263.5,,791325
2025-09-05 11:16:12.405151+05:30,263.5,,791325
2025-09-05 11:16:13.635677+05:30,263.5,,791325
2025-09-05 11:16:14.201696+05:30,263.5,,791325
2025-09-05 11:16:14.464230+05:30,260.15,,791325
2025-09-05 11:16:14.635558+05:30,260.0,,791325
2025-09-05 11:16:15.485132+05:30,258.4,,791325
2025-09-05 11:16:15.929737+05:30,258.4,,791325
2025-09-05 11:16:16.414984+05:30,259.8,,791325
2025-09-05 11:16:16.885898+05:30,259.8,,791325
2025-09-05 11:16:17.635537+05:30,259.8,,791325
2025-09-05 11:16:18.389379+05:30,261.05,,791325
2025-09-05 11:16:18.655232+05:30,261.05,,791325
2025-09-05 11:16:19.133066+05:30,260.4,,791325
2025-09-05 11:16:19.385910+05:30,260.25,,791325
2025-09-05 11:16:20.385645+05:30,261.0,,791325
2025-09-05 11:16:20.635813+05:30,261.0,,791325
2025-09-05 11:16:21.385614+05:30,262.15,,791325
2025-09-05 11:16:21.908310+05:30,262.15,,791325
2025-09-05 11:16:22.404464+05:30,262.15,,791325
2025-09-05 11:16:23.657692+05:30,262.15,,791325
2025-09-05 11:16:24.173878+05:30,262.15,,791325
2025-09-05 11:16:25.152617+05:30,262.15,,791325
2025-09-05 11:16:25.636520+05:30,262.15,,791325
2025-09-05 11:16:26.913222+05:30,262.15,,791325
2025-09-05 11:16:27.135474+05:30,262.15,,791325
2025-09-05 11:16:27.916785+05:30,262.25,,791325
2025-09-05 11:16:28.385608+05:30,262.25,,791325
2025-09-05 11:16:29.135941+05:30,262.25,,791325
2025-09-05 11:16:30.461153+05:30,262.25,,791325
2025-09-05 11:16:30.674913+05:30,262.25,,791325
2025-09-05 11:16:31.890587+05:30,262.25,,791325
2025-09-05 11:16:32.492081+05:30,262.25,,791325
2025-09-05 11:16:33.685267+05:30,262.25,,791325
2025-09-05 11:16:34.211284+05:30,262.25,,791325
2025-09-05 11:16:35.135549+05:30,262.25,,791325
2025-09-05 11:16:35.469170+05:30,263.5,,791325
2025-09-05 11:16:35.660805+05:30,263.5,,791325
2025-09-05 11:16:36.407612+05:30,263.75,,791325
2025-09-05 11:16:36.886328+05:30,263.75,,791325
2025-09-05 11:16:37.386632+05:30,263.75,,791325
2025-09-05 11:16:38.631405+05:30,263.75,,791325
2025-09-05 11:16:39.477781+05:30,263.75,,791325
2025-09-05 11:16:40.157657+05:30,263.75,,791325
2025-09-05 11:16:40.635425+05:30,263.75,,791325
2025-09-05 11:16:43.191798+05:30,265.1,,791325
2025-09-05 11:16:43.662356+05:30,265.1,,791325
2025-09-05 11:16:43.880567+05:30,265.1,,791325
2025-09-05 11:16:45.184090+05:30,265.1,,791325
2025-09-05 11:16:45.635798+05:30,265.1,,791325
2025-09-05 11:16:46.636425+05:30,265.1,,791325
2025-09-05 11:16:47.438494+05:30,265.1,,791325
2025-09-05 11:16:48.647334+05:30,265.1,,791325
2025-09-05 11:16:48.908672+05:30,265.1,,791325
2025-09-05 11:16:50.135509+05:30,265.1,,791325
2025-09-05 11:16:50.472630+05:30,266.15,,791325
2025-09-05 11:16:50.640413+05:30,266.15,,791325
2025-09-05 11:16:51.657419+05:30,266.85,,791325
2025-09-05 11:16:52.415540+05:30,266.85,,791325
2025-09-05 11:16:52.635345+05:30,266.75,,791325
2025-09-05 11:16:53.477224+05:30,266.9,,791325
2025-09-05 11:16:53.907312+05:30,267.45,,791325
2025-09-05 11:16:54.494641+05:30,267.45,,791325
2025-09-05 11:16:55.179437+05:30,267.45,,791325
2025-09-05 11:16:55.701963+05:30,267.45,,791325
2025-09-05 11:16:56.663003+05:30,268.0,,791325
2025-09-05 11:16:57.381434+05:30,268.0,,791325
2025-09-05 11:16:58.388687+05:30,268.0,,791325
2025-09-05 11:16:58.894898+05:30,268.0,,791325
2025-09-05 11:16:59.885214+05:30,267.8,,791325
2025-09-05 11:17:00.135201+05:30,267.8,,791325
2025-09-05 11:17:00.635407+05:30,267.8,,791325
2025-09-05 11:17:01.635330+05:30,267.8,,791325
2025-09-05 11:17:01.880283+05:30,267.6,,791325
2025-09-05 11:17:02.157275+05:30,267.6,,791325
2025-09-05 11:17:03.719174+05:30,267.6,,791325
2025-09-05 11:17:03.919869+05:30,267.6,,791325
2025-09-05 11:17:04.162304+05:30,267.25,,791325
2025-09-05 11:17:04.635257+05:30,267.5,,791325
2025-09-05 11:17:05.140340+05:30,267.5,,791325
2025-09-05 11:17:05.489860+05:30,267.5,,791325
2025-09-05 11:17:06.635286+05:30,267.7,,791325
2025-09-05 11:17:07.418593+05:30,267.95,,791325
2025-09-05 11:17:08.383991+05:30,269.0,,791325
2025-09-05 11:17:08.916782+05:30,269.05,,791325
2025-09-05 11:17:09.418857+05:30,269.05,,791325
2025-09-05 11:17:10.179087+05:30,268.85,,791325
2025-09-05 11:17:10.385349+05:30,269.0,,791325
2025-09-05 11:17:11.635326+05:30,270.0,,791325
2025-09-05 11:17:12.434441+05:30,270.45,,791325
2025-09-05 11:17:13.422615+05:30,270.45,,791325
2025-09-05 11:17:13.930951+05:30,270.75,,791325
2025-09-05 11:17:14.666626+05:30,270.25,,791325
2025-09-05 11:17:15.135235+05:30,270.25,,791325
2025-09-05 11:17:15.431242+05:30,270.25,,791325
2025-09-05 11:17:16.669524+05:30,272.0,,791325
2025-09-05 11:17:17.381932+05:30,272.0,,791325
2025-09-05 11:17:17.640745+05:30,270.45,,791325
2025-09-05 11:17:18.450110+05:30,270.5,,791325
2025-09-05 11:17:18.635285+05:30,270.5,,791325
2025-09-05 11:17:18.902754+05:30,270.55,,791325
2025-09-05 11:17:19.630532+05:30,270.55,,791325
2025-09-05 11:17:20.180650+05:30,270.95,,791325
2025-09-05 11:17:20.444443+05:30,270.95,,791325
2025-09-05 11:17:21.435043+05:30,270.85,,791325
2025-09-05 11:17:21.739838+05:30,270.85,,791325
2025-09-05 11:17:22.390958+05:30,270.85,,791325
2025-09-05 11:17:23.386119+05:30,270.85,,791325
2025-09-05 11:17:23.944227+05:30,270.85,,791325
2025-09-05 11:17:24.135364+05:30,271.15,,791325
2025-09-05 11:17:24.380640+05:30,271.15,,791325
2025-09-05 11:17:24.635243+05:30,270.3,,791325
2025-09-05 11:17:25.141292+05:30,270.45,,791325
2025-09-05 11:17:25.456139+05:30,271.4,,791325
2025-09-05 11:17:26.701272+05:30,271.4,,791325
2025-09-05 11:17:27.174679+05:30,271.4,,791325
2025-09-05 11:17:28.160652+05:30,271.4,,791325
2025-09-05 11:17:28.488031+05:30,271.0,,791325
2025-09-05 11:17:28.885125+05:30,271.0,,791325
2025-09-05 11:17:29.430276+05:30,270.45,,791325
2025-09-05 11:17:29.938579+05:30,270.45,,791325
2025-09-05 11:17:30.630470+05:30,273.55,,791325
2025-09-05 11:17:31.406979+05:30,272.95,,791325
2025-09-05 11:17:31.637630+05:30,272.95,,791325
2025-09-05 11:17:32.135063+05:30,273.15,,791325
2025-09-05 11:17:32.410381+05:30,273.1,,791325
2025-09-05 11:17:33.135179+05:30,273.4,,791325
2025-09-05 11:17:33.532830+05:30,273.4,,791325
2025-09-05 11:17:33.635523+05:30,273.4,,791325
2025-09-05 11:17:33.886275+05:30,273.4,,791325
2025-09-05 11:17:34.460817+05:30,271.25,,791325
2025-09-05 11:17:35.153340+05:30,271.0,,791325
2025-09-05 11:17:35.404846+05:30,271.0,,791325
2025-09-05 11:17:35.715253+05:30,271.0,,791325
2025-09-05 11:17:36.885168+05:30,271.0,,791325
2025-09-05 11:17:37.134929+05:30,271.0,,791325
2025-09-05 11:17:38.168429+05:30,270.95,,791325
2025-09-05 11:17:38.955665+05:30,270.95,,791325
2025-09-05 11:17:39.635047+05:30,271.05,,791325
2025-09-05 11:17:40.135211+05:30,271.05,,791325
2025-09-05 11:17:41.649848+05:30,269.0,,791325
2025-09-05 11:17:42.151926+05:30,269.0,,791325
2025-09-05 11:17:42.389333+05:30,270.25,,791325
2025-09-05 11:17:43.385226+05:30,270.25,,791325
2025-09-05 11:17:43.652485+05:30,270.35,,791325
2025-09-05 11:17:43.901778+05:30,270.35,,791325
2025-09-05 11:17:44.906738+05:30,269.9,,791325
2025-09-05 11:17:45.429589+05:30,269.9,,791325
2025-09-05 11:17:46.164437+05:30,269.45,,791325
2025-09-05 11:17:46.635119+05:30,269.45,,791325
2025-09-05 11:17:47.158919+05:30,269.45,,791325
2025-09-05 11:17:48.390984+05:30,269.45,,791325
2025-09-05 11:17:48.679920+05:30,269.45,,791325
2025-09-05 11:17:49.898358+05:30,269.45,,791325
2025-09-05 11:17:50.416637+05:30,269.45,,791325
2025-09-05 11:17:51.726438+05:30,269.45,,791325
2025-09-05 11:17:52.169711+05:30,269.45,,791325
2025-09-05 11:17:52.467384+05:30,268.65,,791325
2025-09-05 11:17:53.134915+05:30,268.65,,791325
2025-09-05 11:17:53.884942+05:30,268.8,,791325
2025-09-05 11:17:54.884849+05:30,268.8,,791325
2025-09-05 11:17:55.652566+05:30,269.45,,791325
2025-09-05 11:17:56.640635+05:30,269.45,,791325
2025-09-05 11:17:57.205606+05:30,269.45,,791325
2025-09-05 11:17:58.407545+05:30,269.45,,791325
2025-09-05 11:17:59.139177+05:30,269.45,,791325
2025-09-05 11:17:59.412025+05:30,270.1,,791325
2025-09-05 11:17:59.884953+05:30,270.1,,791325
2025-09-05 11:18:00.751396+05:30,270.1,,791325
2025-09-05 11:18:01.160158+05:30,270.55,,791325
2025-09-05 11:18:01.654236+05:30,270.55,,791325
2025-09-05 11:18:02.159980+05:30,270.55,,791325
2025-09-05 11:18:02.721909+05:30,269.05,,791325
2025-09-05 11:18:03.411445+05:30,269.0,,791325
2025-09-05 11:18:03.634736+05:30,269.0,,791325
2025-09-05 11:18:04.884890+05:30,268.6,,791325
2025-09-05 11:18:05.398274+05:30,268.0,,791325
2025-09-05 11:18:05.911934+05:30,268.0,,791325
2025-09-05 11:18:06.705775+05:30,268.0,,791325
2025-09-05 11:18:07.134874+05:30,269.05,,791325
2025-09-05 11:18:07.441705+05:30,269.05,,791325
2025-09-05 11:18:07.677404+05:30,269.9,,791325
2025-09-05 11:18:07.884806+05:30,269.9,,791325
2025-09-05 11:18:08.470708+05:30,269.9,,791325
2025-09-05 11:18:08.880374+05:30,269.05,,791325
2025-09-05 11:18:09.885065+05:30,269.05,,791325
2025-09-05 11:18:10.431662+05:30,269.05,,791325
2025-09-05 11:18:11.678159+05:30,269.05,,791325
2025-09-05 11:18:12.134991+05:30,269.05,,791325
2025-09-05 11:18:13.179123+05:30,269.8,,791325
2025-09-05 11:18:13.750194+05:30,269.75,,791325
2025-09-05 11:18:14.880467+05:30,269.75,,791325
2025-09-05 11:18:15.496158+05:30,269.75,,791325
2025-09-05 11:18:16.134795+05:30,270.45,,791325
2025-09-05 11:18:16.390240+05:30,270.45,,791325
2025-09-05 11:18:17.157483+05:30,270.45,,791325
2025-09-05 11:18:17.657789+05:30,270.6,,791325
2025-09-05 11:18:18.134777+05:30,270.6,,791325
2025-09-05 11:18:18.660413+05:30,272.15,,791325
2025-09-05 11:18:19.898961+05:30,272.1,,791325
2025-09-05 11:18:20.407342+05:30,272.1,,791325
2025-09-05 11:18:21.450401+05:30,272.1,,791325
2025-09-05 11:18:22.134896+05:30,271.95,,791325
2025-09-05 11:18:23.145321+05:30,271.95,,791325
2025-09-05 11:18:23.911977+05:30,271.95,,791325
2025-09-05 11:18:24.881471+05:30,273.6,,791325
2025-09-05 11:18:25.450587+05:30,272.35,,791325
2025-09-05 11:18:26.460186+05:30,273.4,,791325
2025-09-05 11:18:26.647045+05:30,273.4,,791325
2025-09-05 11:18:27.164052+05:30,273.05,,791325
2025-09-05 11:18:27.661949+05:30,273.1,,791325
2025-09-05 11:18:28.134787+05:30,273.1,,791325
2025-09-05 11:18:28.636777+05:30,273.55,,791325
2025-09-05 11:18:28.889878+05:30,272.7,,791325
2025-09-05 11:18:29.717132+05:30,272.7,,791325
2025-09-05 11:18:29.884788+05:30,272.7,,791325
2025-09-05 11:18:30.385055+05:30,272.7,,791325
2025-09-05 11:18:31.687695+05:30,272.7,,791325
2025-09-05 11:18:32.216819+05:30,272.7,,791325
2025-09-05 11:18:33.131550+05:30,272.7,,791325
2025-09-05 11:18:33.914957+05:30,272.7,,791325
2025-09-05 11:18:34.391473+05:30,270.0,,791325
2025-09-05 11:18:34.717436+05:30,270.1,,791325
2025-09-05 11:18:35.384819+05:30,270.1,,791325
2025-09-05 11:18:35.677572+05:30,270.7,,791325
2025-09-05 11:18:36.675125+05:30,270.7,,791325
2025-09-05 11:18:37.184773+05:30,270.6,,791325
2025-09-05 11:18:37.410715+05:30,270.6,,791325
2025-09-05 11:18:38.168822+05:30,270.6,,791325
2025-09-05 11:18:38.884763+05:30,270.6,,791325
2025-09-05 11:18:39.703767+05:30,270.6,,791325
2025-09-05 11:18:40.494848+05:30,270.6,,791325
2025-09-05 11:18:41.458996+05:30,270.6,,791325
2025-09-05 11:18:42.162181+05:30,270.6,,791325
2025-09-05 11:18:43.134809+05:30,270.6,,791325
2025-09-05 11:18:43.634663+05:30,268.65,,793200
2025-09-05 11:18:43.902210+05:30,268.65,,793200
2025-09-05 11:18:44.631572+05:30,268.65,,793200
2025-09-05 11:18:45.433426+05:30,268.65,,793200
2025-09-05 11:18:46.384801+05:30,268.0,,793200
2025-09-05 11:18:46.691394+05:30,268.0,,793200
2025-09-05 11:18:47.135410+05:30,268.0,,793200
2025-09-05 11:18:48.226916+05:30,267.25,,793200
2025-09-05 11:18:48.712710+05:30,267.15,,793200
2025-09-05 11:18:49.672971+05:30,268.1,,793200
2025-09-05 11:18:50.409351+05:30,268.1,,793200
2025-09-05 11:18:51.464693+05:30,268.1,,793200
2025-09-05 11:18:52.136121+05:30,268.1,,793200
2025-09-05 11:18:53.169992+05:30,268.1,,793200
2025-09-05 11:18:53.921425+05:30,269.65,,793200
2025-09-05 11:18:54.702048+05:30,269.65,,793200
2025-09-05 11:18:55.663482+05:30,269.65,,793200
2025-09-05 11:18:56.524358+05:30,269.65,,793200
2025-09-05 11:18:57.178299+05:30,269.65,,793200
2025-09-05 11:18:57.659674+05:30,268.85,,793200
2025-09-05 11:18:58.134630+05:30,268.85,,793200
2025-09-05 11:18:58.939831+05:30,268.85,,793200
2025-09-05 11:18:59.630112+05:30,268.1,,793200
2025-09-05 11:18:59.884645+05:30,268.1,,793200
2025-09-05 11:19:00.384620+05:30,268.1,,793200
2025-09-05 11:19:01.667182+05:30,268.1,,793200
2025-09-05 11:19:02.134652+05:30,268.1,,793200
2025-09-05 11:19:02.906398+05:30,266.8,,793200
2025-09-05 11:19:03.187092+05:30,266.8,,793200
2025-09-05 11:19:03.884517+05:30,266.8,,793200
2025-09-05 11:19:04.456577+05:30,268.1,,793200
2025-09-05 11:19:04.629612+05:30,267.55,,793200
2025-09-05 11:19:05.635525+05:30,267.55,,793200
2025-09-05 11:19:06.395135+05:30,267.55,,793200
2025-09-05 11:19:07.231871+05:30,269.3,,793200
2025-09-05 11:19:07.634519+05:30,269.2,,793200
2025-09-05 11:19:08.179273+05:30,269.2,,793200
2025-09-05 11:19:08.699096+05:30,268.65,,793200
2025-09-05 11:19:08.923246+05:30,268.65,,793200
2025-09-05 11:19:09.630112+05:30,268.65,,793200
2025-09-05 11:19:10.422301+05:30,268.65,,793200
2025-09-05 11:19:11.182749+05:30,269.45,,793200
2025-09-05 11:19:11.418799+05:30,269.45,,793200
2025-09-05 11:19:11.639788+05:30,269.5,,793200
2025-09-05 11:19:12.151973+05:30,269.5,,793200
2025-09-05 11:19:12.886196+05:30,269.5,,793200
2025-09-05 11:19:13.636483+05:30,269.5,,793200
2025-09-05 11:19:14.729154+05:30,269.5,,793200
2025-09-05 11:19:15.479945+05:30,269.5,,793200
2025-09-05 11:19:16.135332+05:30,269.5,,793200
2025-09-05 11:19:17.218126+05:30,268.65,,793200
2025-09-05 11:19:17.908362+05:30,268.65,,793200
2025-09-05 11:19:18.686811+05:30,268.9,,793200
2025-09-05 11:19:19.411621+05:30,268.9,,793200
2025-09-05 11:19:20.427345+05:30,268.9,,793200
2025-09-05 11:19:21.157264+05:30,268.9,,793200
2025-09-05 11:19:21.884333+05:30,268.9,,793200
2025-09-05 11:19:22.884547+05:30,268.9,,793200
2025-09-05 11:19:23.656847+05:30,269.25,,793200
2025-09-05 11:19:24.438224+05:30,269.25,,793200
2025-09-05 11:19:25.477378+05:30,269.25,,793200
2025-09-05 11:19:26.169962+05:30,269.25,,793200
2025-09-05 11:19:26.882611+05:30,269.25,,793200
2025-09-05 11:19:27.670151+05:30,268.85,,793200
2025-09-05 11:19:28.659697+05:30,268.85,,793200
2025-09-05 11:19:29.497202+05:30,268.85,,793200
2025-09-05 11:19:30.385501+05:30,268.85,,793200
2025-09-05 11:19:31.161707+05:30,267.7,,793200
2025-09-05 11:19:31.629444+05:30,267.8,,793200
2025-09-05 11:19:31.909525+05:30,267.8,,793200
2025-09-05 11:19:32.634607+05:30,267.8,,793200
