time,last_price,volume,oi
2025-09-04 12:10:38.567966+05:30,143.2,,5130450
2025-09-04 12:10:38.831873+05:30,145.75,,5130450
2025-09-04 12:10:39.353232+05:30,144.85,,5130450
2025-09-04 12:10:39.572040+05:30,144.95,,5130450
2025-09-04 12:10:39.821363+05:30,144.85,,5130450
2025-09-04 12:10:40.366425+05:30,144.4,,5130450
2025-09-04 12:10:40.568129+05:30,144.45,,5130450
2025-09-04 12:10:40.838244+05:30,144.6,,5130450
2025-09-04 12:10:41.082127+05:30,144.4,,5130450
2025-09-04 12:10:41.868011+05:30,144.9,,5130450
2025-09-04 12:10:42.321469+05:30,145.15,,5130450
2025-09-04 12:10:42.821276+05:30,145.55,,5130450
2025-09-04 12:10:43.071549+05:30,145.5,,5130450
2025-09-04 12:10:43.819145+05:30,144.65,,5130450
2025-09-04 12:10:44.123716+05:30,145.1,,5130450
2025-09-04 12:10:44.321739+05:30,144.85,,5130450
2025-09-04 12:10:44.856899+05:30,145.4,,5130450
2025-09-04 12:10:45.321376+05:30,145.65,,5130450
2025-09-04 12:10:45.821240+05:30,145.85,,5130450
2025-09-04 12:10:46.082293+05:30,146.25,,5130450
2025-09-04 12:10:46.885035+05:30,145.4,,5130450
2025-09-04 12:10:47.323738+05:30,144.35,,5130450
2025-09-04 12:10:47.854315+05:30,144.5,,5130450
2025-09-04 12:10:48.323273+05:30,144.05,,5130450
2025-09-04 12:10:48.872139+05:30,144.6,,5130450
2025-09-04 12:10:49.612174+05:30,144.35,,5130450
2025-09-04 12:10:49.881936+05:30,144.05,,5130450
2025-09-04 12:10:50.410521+05:30,144.5,,5130450
2025-09-04 12:10:50.571291+05:30,144.35,,5130450
2025-09-04 12:10:50.826425+05:30,144.5,,5130450
2025-09-04 12:10:51.380325+05:30,144.3,,5130450
2025-09-04 12:10:51.862169+05:30,144.05,,5130450
2025-09-04 12:10:52.479553+05:30,143.85,,5130450
2025-09-04 12:10:52.823262+05:30,143.5,,5130450
2025-09-04 12:10:53.321325+05:30,143.35,,5130450
2025-09-04 12:10:53.846195+05:30,143.2,,5130450
2025-09-04 12:10:54.085131+05:30,143.15,,5130450
2025-09-04 12:10:54.602017+05:30,142.95,,5130450
2025-09-04 12:10:54.898617+05:30,143.3,,5130450
2025-09-04 12:10:55.318317+05:30,142.85,,5130450
2025-09-04 12:10:55.821622+05:30,142.7,,5130450
2025-09-04 12:10:56.380959+05:30,143.0,,5130450
2025-09-04 12:10:56.821039+05:30,143.0,,5130450
2025-09-04 12:10:57.370781+05:30,143.1,,5130450
2025-09-04 12:10:57.821091+05:30,143.3,,5130450
2025-09-04 12:10:58.321202+05:30,143.25,,5130450
2025-09-04 12:10:58.831558+05:30,142.6,,5130450
2025-09-04 12:10:59.234271+05:30,142.8,,5130450
2025-09-04 12:10:59.317243+05:30,142.4,,5130450
2025-09-04 12:10:59.873340+05:30,142.5,,5130450
2025-09-04 12:11:00.357826+05:30,142.1,,5130450
2025-09-04 12:11:00.576288+05:30,141.6,,5130450
2025-09-04 12:11:00.816227+05:30,141.75,,5130450
2025-09-04 12:11:01.168495+05:30,141.35,,5130450
2025-09-04 12:11:01.848576+05:30,141.25,,5130450
2025-09-04 12:11:02.570893+05:30,142.0,,5130450
2025-09-04 12:11:02.820820+05:30,142.25,,5130450
2025-09-04 12:11:03.321342+05:30,142.0,,5130450
2025-09-04 12:11:03.817574+05:30,141.25,,5130450
2025-09-04 12:11:04.072211+05:30,141.75,,5130450
2025-09-04 12:11:04.338013+05:30,141.3,,5130450
2025-09-04 12:11:04.848806+05:30,141.45,,5130450
2025-09-04 12:11:05.375459+05:30,141.25,,5130450
2025-09-04 12:11:05.571145+05:30,141.05,,5130450
2025-09-04 12:11:05.820840+05:30,141.5,,5130450
2025-09-04 12:11:06.315901+05:30,141.3,,5130450
2025-09-04 12:11:06.844918+05:30,141.75,,5130450
2025-09-04 12:11:07.399061+05:30,141.85,,5130450
2025-09-04 12:11:07.831541+05:30,142.0,,5130450
2025-09-04 12:11:08.572129+05:30,141.5,,5130450
2025-09-04 12:11:08.843592+05:30,141.85,,5130450
2025-09-04 12:11:09.070918+05:30,142.0,,5130450
2025-09-04 12:11:09.320778+05:30,142.65,,5130450
2025-09-04 12:11:09.838148+05:30,142.2,,5130450
2025-09-04 12:11:10.321037+05:30,141.75,,5130450
2025-09-04 12:11:10.571273+05:30,141.5,,5130450
2025-09-04 12:11:10.821365+05:30,141.35,,5130450
2025-09-04 12:11:11.316078+05:30,140.75,,5130450
2025-09-04 12:11:11.832970+05:30,141.05,,5130450
2025-09-04 12:11:12.349316+05:30,142.75,,5130450
2025-09-04 12:11:12.822342+05:30,143.0,,5130450
2025-09-04 12:11:13.422792+05:30,142.7,,5130450
2025-09-04 12:11:13.844928+05:30,142.75,,5130450
2025-09-04 12:11:14.247982+05:30,143.0,,5130450
2025-09-04 12:11:14.319786+05:30,142.95,,5130450
2025-09-04 12:11:14.867192+05:30,142.95,,5130450
2025-09-04 12:11:15.343029+05:30,143.0,,5130450
2025-09-04 12:11:15.647731+05:30,143.0,,5130450
2025-09-04 12:11:15.820984+05:30,143.2,,5130450
2025-09-04 12:11:16.070714+05:30,143.1,,5130450
2025-09-04 12:11:16.820808+05:30,143.05,,5130450
2025-09-04 12:11:17.354571+05:30,143.7,,5130450
2025-09-04 12:11:17.820573+05:30,143.5,,5130450
2025-09-04 12:11:18.358345+05:30,143.55,,5130450
2025-09-04 12:11:18.866270+05:30,143.6,,5130450
2025-09-04 12:11:19.070720+05:30,143.55,,5130450
2025-09-04 12:11:19.412663+05:30,143.2,,5130450
2025-09-04 12:11:19.822045+05:30,143.1,,5130450
2025-09-04 12:11:20.323560+05:30,143.6,,5130450
2025-09-04 12:11:20.663910+05:30,143.55,,5130450
2025-09-04 12:11:20.819130+05:30,143.95,,5130450
2025-09-04 12:11:21.328421+05:30,143.55,,5130450
2025-09-04 12:11:21.842852+05:30,143.8,,5130450
2025-09-04 12:11:22.315706+05:30,143.5,,5130450
2025-09-04 12:11:22.820546+05:30,143.65,,5130450
2025-09-04 12:11:23.624807+05:30,143.6,,5130450
2025-09-04 12:11:23.816338+05:30,143.5,,5130450
2025-09-04 12:11:24.065927+05:30,143.65,,5130450
2025-09-04 12:11:24.347132+05:30,143.75,,5130450
2025-09-04 12:11:24.898346+05:30,143.4,,5130450
2025-09-04 12:11:25.321898+05:30,144.15,,5130450
2025-09-04 12:11:25.645978+05:30,144.4,,5130450
2025-09-04 12:11:25.820559+05:30,144.4,,5130450
2025-09-04 12:11:26.089392+05:30,143.85,,5130450
2025-09-04 12:11:26.333044+05:30,143.85,,5130450
2025-09-04 12:11:26.820875+05:30,144.2,,5130450
2025-09-04 12:11:27.317562+05:30,144.3,,5130450
2025-09-04 12:11:27.821116+05:30,144.6,,5130450
2025-09-04 12:11:28.371629+05:30,144.7,,5130450
2025-09-04 12:11:28.835163+05:30,144.5,,5130450
2025-09-04 12:11:29.132423+05:30,144.45,,5130450
2025-09-04 12:11:29.684429+05:30,144.1,,5130450
2025-09-04 12:11:29.878157+05:30,144.0,,5130450
2025-09-04 12:11:30.321285+05:30,143.65,,5130450
2025-09-04 12:11:30.572447+05:30,143.35,,5130450
2025-09-04 12:11:30.820342+05:30,143.25,,5130450
2025-09-04 12:11:31.378623+05:30,143.6,,5130450
2025-09-04 12:11:31.820578+05:30,143.35,,5130450
2025-09-04 12:11:32.655273+05:30,143.6,,5130450
2025-09-04 12:11:32.842496+05:30,143.75,,5130450
2025-09-04 12:11:33.375781+05:30,143.75,,5130450
2025-09-04 12:11:33.847654+05:30,143.7,,5130450
2025-09-04 12:11:34.072284+05:30,143.45,,5130450
2025-09-04 12:11:34.343622+05:30,144.0,,5130450
2025-09-04 12:11:34.870864+05:30,143.9,,5130450
2025-09-04 12:11:35.325698+05:30,144.15,,5130450
2025-09-04 12:11:35.598733+05:30,144.15,,5130450
2025-09-04 12:11:35.844083+05:30,143.95,,5130450
2025-09-04 12:11:36.320524+05:30,143.95,,5130450
2025-09-04 12:11:36.820786+05:30,143.8,,5130450
2025-09-04 12:11:37.343015+05:30,144.15,,5130450
2025-09-04 12:11:37.817090+05:30,144.15,,5130450
2025-09-04 12:11:38.340415+05:30,144.05,,5130450
2025-09-04 12:11:38.847479+05:30,144.25,,5130450
2025-09-04 12:11:39.076075+05:30,144.4,,5130450
2025-09-04 12:11:39.353237+05:30,144.55,,5130450
2025-09-04 12:11:39.892384+05:30,144.45,,5130450
2025-09-04 12:11:40.570380+05:30,144.9,,5130450
2025-09-04 12:11:40.843411+05:30,145.3,,5130450
2025-09-04 12:11:41.095985+05:30,145.0,,5130450
2025-09-04 12:11:41.334125+05:30,144.9,,5130450
2025-09-04 12:11:41.820438+05:30,144.45,,5130450
2025-09-04 12:11:42.364206+05:30,144.2,,5130450
2025-09-04 12:11:42.820140+05:30,144.4,,5130450
2025-09-04 12:11:43.415742+05:30,144.2,,5130450
2025-09-04 12:11:43.844699+05:30,143.95,,5130450
2025-09-04 12:11:44.070438+05:30,143.55,,5130450
2025-09-04 12:11:44.328565+05:30,144.35,,5130450
2025-09-04 12:11:44.837299+05:30,144.05,,5130450
2025-09-04 12:11:45.364475+05:30,144.25,,5130450
2025-09-04 12:11:45.582799+05:30,143.9,,5130450
2025-09-04 12:11:45.895974+05:30,143.9,,5130450
2025-09-04 12:11:46.421868+05:30,143.85,,5130450
2025-09-04 12:11:46.820492+05:30,144.0,,5130450
2025-09-04 12:11:47.320471+05:30,144.15,,5130450
2025-09-04 12:11:47.816479+05:30,143.95,,5130450
2025-09-04 12:11:48.320218+05:30,144.0,,5130450
2025-09-04 12:11:48.825185+05:30,143.15,,5130450
2025-09-04 12:11:49.075378+05:30,144.25,,5130450
2025-09-04 12:11:49.321125+05:30,144.05,,5130450
2025-09-04 12:11:49.821212+05:30,144.15,,5130450
2025-09-04 12:11:50.365928+05:30,143.8,,5130450
2025-09-04 12:11:50.572151+05:30,143.85,,5130450
2025-09-04 12:11:50.825232+05:30,143.8,,5130450
2025-09-04 12:11:51.169698+05:30,144.35,,5130450
2025-09-04 12:11:51.325313+05:30,144.35,,5130450
2025-09-04 12:11:51.815421+05:30,144.4,,5130450
2025-09-04 12:11:52.371596+05:30,144.25,,5130450
2025-09-04 12:11:52.815001+05:30,144.75,,5130450
2025-09-04 12:11:53.320021+05:30,144.95,,5130450
2025-09-04 12:11:53.847341+05:30,144.35,,5130450
2025-09-04 12:11:54.325208+05:30,144.6,,5130450
2025-09-04 12:11:54.842115+05:30,144.6,,5130450
2025-09-04 12:11:55.316503+05:30,144.6,,5130450
2025-09-04 12:11:55.599335+05:30,144.9,,5130450
2025-09-04 12:11:55.859548+05:30,145.15,,5130450
2025-09-04 12:11:56.143127+05:30,145.1,,5130450
2025-09-04 12:11:56.370205+05:30,145.2,,5130450
2025-09-04 12:11:56.820536+05:30,145.25,,5130450
2025-09-04 12:11:57.068098+05:30,145.35,,5130450
2025-09-04 12:11:57.322282+05:30,145.0,,5130450
2025-09-04 12:11:57.822837+05:30,145.0,,5130450
2025-09-04 12:11:58.315447+05:30,144.85,,5130450
2025-09-04 12:11:58.820016+05:30,145.5,,5130450
2025-09-04 12:11:59.373230+05:30,145.55,,5130450
2025-09-04 12:11:59.819927+05:30,146.95,,5130450
2025-09-04 12:12:00.620823+05:30,147.6,,5130450
2025-09-04 12:12:00.885942+05:30,147.1,,5130450
2025-09-04 12:12:01.618208+05:30,146.6,,5130450
2025-09-04 12:12:01.819938+05:30,146.55,,5130450
2025-09-04 12:12:02.069918+05:30,146.05,,5130450
2025-09-04 12:12:02.364809+05:30,147.75,,5130450
2025-09-04 12:12:02.569865+05:30,147.6,,5130450
2025-09-04 12:12:02.819758+05:30,147.4,,5130450
2025-09-04 12:12:03.328352+05:30,147.75,,5130450
2025-09-04 12:12:03.569869+05:30,147.6,,5130450
2025-09-04 12:12:03.832297+05:30,148.05,,5130450
2025-09-04 12:12:04.391471+05:30,146.95,,5130450
2025-09-04 12:12:04.844121+05:30,146.8,,5130450
2025-09-04 12:12:05.338001+05:30,146.75,,5130450
2025-09-04 12:12:05.912418+05:30,147.2,,5130450
2025-09-04 12:12:06.319705+05:30,147.45,,5130450
2025-09-04 12:12:06.848101+05:30,146.6,,5130450
2025-09-04 12:12:07.069856+05:30,147.0,,5130450
2025-09-04 12:12:07.565796+05:30,146.6,,5130450
2025-09-04 12:12:07.815053+05:30,146.4,,5130450
2025-09-04 12:12:08.319858+05:30,147.0,,5130450
2025-09-04 12:12:08.569865+05:30,146.7,,5130450
2025-09-04 12:12:08.819815+05:30,146.3,,5130450
2025-09-04 12:12:09.319794+05:30,146.0,,5130450
2025-09-04 12:12:09.820045+05:30,146.0,,5130450
2025-09-04 12:12:10.347782+05:30,146.1,,5130450
2025-09-04 12:12:10.819693+05:30,145.45,,5130450
2025-09-04 12:12:11.445343+05:30,145.75,,5130450
2025-09-04 12:12:11.819908+05:30,145.2,,5130450
2025-09-04 12:12:12.319655+05:30,145.8,,5130450
2025-09-04 12:12:12.836014+05:30,145.15,,5130450
2025-09-04 12:12:13.320664+05:30,146.75,,5130450
2025-09-04 12:12:13.825095+05:30,146.65,,5130450
2025-09-04 12:12:14.314270+05:30,146.4,,5130450
2025-09-04 12:12:14.400223+05:30,146.55,,5130450
2025-09-04 12:12:14.842223+05:30,146.8,,5130450
2025-09-04 12:12:15.066217+05:30,146.7,,5130450
2025-09-04 12:12:15.319791+05:30,146.7,,5130450
2025-09-04 12:12:15.886087+05:30,146.6,,5130450
2025-09-04 12:12:16.565573+05:30,146.5,,5130450
2025-09-04 12:12:16.856018+05:30,146.3,,5130450
2025-09-04 12:12:17.351999+05:30,146.55,,5130450
2025-09-04 12:12:17.816185+05:30,146.45,,5130450
2025-09-04 12:12:18.364785+05:30,146.85,,5130450
2025-09-04 12:12:18.814413+05:30,146.7,,5130450
2025-09-04 12:12:19.098614+05:30,147.0,,5130450
2025-09-04 12:12:19.577142+05:30,146.5,,5130450
2025-09-04 12:12:19.851988+05:30,147.25,,5130450
2025-09-04 12:12:20.349569+05:30,147.4,,5130450
2025-09-04 12:12:20.623500+05:30,147.6,,5130450
2025-09-04 12:12:20.860722+05:30,148.0,,5130450
2025-09-04 12:12:21.349623+05:30,147.65,,5130450
2025-09-04 12:12:21.820007+05:30,147.6,,5130450
2025-09-04 12:12:22.119833+05:30,147.85,,5130450
2025-09-04 12:12:22.319580+05:30,147.55,,5130450
2025-09-04 12:12:22.841964+05:30,147.75,,5130450
2025-09-04 12:12:23.454500+05:30,148.0,,5130450
2025-09-04 12:12:23.819782+05:30,148.45,,5130450
2025-09-04 12:12:24.339422+05:30,149.05,,5130450
2025-09-04 12:12:24.841989+05:30,149.2,,5130450
2025-09-04 12:12:25.341953+05:30,148.2,,5130450
2025-09-04 12:16:19.316259+05:30,145.7,,5092725
2025-09-04 12:16:19.611351+05:30,145.5,,5092725
2025-09-04 12:16:20.148413+05:30,145.9,,5092725
2025-09-04 12:16:20.437543+05:30,146.15,,5092725
2025-09-04 12:16:20.656519+05:30,146.15,,5092725
2025-09-04 12:16:21.091107+05:30,147.85,,5092725
2025-09-04 12:16:21.421039+05:30,147.7,,5092725
2025-09-04 12:16:21.840626+05:30,148.2,,5092725
2025-09-04 12:16:22.138758+05:30,147.8,,5092725
2025-09-04 12:16:22.355127+05:30,147.5,,5092725
2025-09-04 12:16:23.140079+05:30,147.4,,5092725
2025-09-04 12:16:23.476355+05:30,148.0,,5092725
2025-09-04 12:16:24.126775+05:30,148.0,,5092725
2025-09-04 12:16:24.345302+05:30,147.9,,5092725
2025-09-04 12:16:25.068293+05:30,148.8,,5092725
2025-09-04 12:16:25.419121+05:30,148.5,,5092725
2025-09-04 12:16:25.613935+05:30,148.45,,5092725
2025-09-04 12:16:26.081059+05:30,148.6,,5092725
2025-09-04 12:16:26.333377+05:30,149.0,,5092725
2025-09-04 12:16:26.639868+05:30,149.45,,5092725
2025-09-04 12:16:27.135057+05:30,148.75,,5092725
2025-09-04 12:16:27.629536+05:30,149.25,,5092725
2025-09-04 12:18:24.993848+05:30,150.0,,5092725
2025-09-04 12:18:25.456453+05:30,150.3,,5092725
2025-09-04 12:18:25.964381+05:30,150.35,,5092725
2025-09-04 12:18:26.207137+05:30,150.0,,5092725
2025-09-04 12:18:26.978804+05:30,150.15,,5092725
2025-09-04 12:18:27.203293+05:30,150.55,,5092725
2025-09-04 12:18:27.965822+05:30,150.25,,5092725
2025-09-04 12:18:28.451949+05:30,150.5,,5092725
2025-09-04 12:18:29.083582+05:30,150.3,,5092725
2025-09-04 12:18:29.506954+05:30,150.9,,5092725
2025-09-04 12:18:29.978974+05:30,151.35,,5092725
2025-09-04 12:18:30.204878+05:30,151.8,,5092725
2025-09-04 12:18:30.508306+05:30,152.45,,5092725
2025-09-04 12:18:30.952295+05:30,152.15,,5092725
2025-09-04 12:18:31.251767+05:30,152.25,,5092725
2025-09-04 12:18:31.958137+05:30,151.45,,5092725
2025-09-04 12:18:32.306075+05:30,151.65,,5092725
2025-09-04 12:18:32.456294+05:30,151.7,,5092725
2025-09-04 12:18:32.957769+05:30,151.95,,5092725
2025-09-04 12:18:33.469221+05:30,152.25,,5092725
2025-09-04 12:18:34.007356+05:30,152.1,,5092725
2025-09-04 12:18:34.485876+05:30,151.85,,5092725
2025-09-04 12:18:34.956779+05:30,152.2,,5092725
2025-09-04 12:18:35.483650+05:30,151.75,,5092725
2025-09-04 12:18:35.986153+05:30,152.1,,5092725
2025-09-04 12:18:36.206298+05:30,152.2,,5092725
2025-09-04 12:18:36.956286+05:30,151.45,,5092725
2025-09-04 12:18:37.207558+05:30,151.85,,5092725
2025-09-04 12:18:38.039153+05:30,152.1,,5092725
2025-09-04 12:18:38.484266+05:30,151.95,,5092725
2025-09-04 12:18:38.956764+05:30,152.75,,5092725
2025-09-04 12:18:39.514376+05:30,152.7,,5092725
2025-09-04 12:18:39.956075+05:30,152.8,,5092725
2025-09-04 12:18:40.478192+05:30,153.4,,5092725
2025-09-04 12:18:40.958162+05:30,153.4,,5092725
2025-09-04 12:18:41.457193+05:30,153.0,,5092725
2025-09-04 12:18:41.957620+05:30,152.75,,5092725
2025-09-04 12:18:42.349667+05:30,153.0,,5092725
2025-09-04 12:18:42.456272+05:30,152.75,,5092725
2025-09-04 12:18:42.959140+05:30,152.75,,5092725
2025-09-04 12:18:43.456076+05:30,152.85,,5092725
2025-09-04 12:18:43.972997+05:30,152.35,,5092725
2025-09-04 12:18:44.483511+05:30,152.7,,5092725
2025-09-04 12:18:45.026951+05:30,152.65,,5092725
2025-09-04 12:18:45.503287+05:30,152.2,,5092725
2025-09-04 12:18:45.979747+05:30,152.55,,5092725
2025-09-04 12:18:46.203378+05:30,152.6,,5092725
2025-09-04 12:18:46.456721+05:30,153.0,,5092725
2025-09-04 12:18:47.031421+05:30,153.4,,5092725
2025-09-04 12:18:47.242140+05:30,153.45,,5092725
2025-09-04 12:18:47.528416+05:30,153.6,,5092725
2025-09-04 12:18:47.978449+05:30,153.85,,5092725
2025-09-04 12:18:48.455953+05:30,154.0,,5092725
2025-09-04 12:18:48.984390+05:30,153.6,,5092725
2025-09-04 12:18:49.478514+05:30,153.55,,5092725
2025-09-04 12:18:49.955971+05:30,153.9,,5092725
2025-09-04 12:18:50.460175+05:30,153.5,,5092725
2025-09-04 12:18:50.984950+05:30,153.9,,5092725
2025-09-04 12:18:51.461666+05:30,153.95,,5092725
2025-09-04 12:18:51.969166+05:30,154.35,,5092725
2025-09-04 12:18:52.519439+05:30,153.85,,5092725
2025-09-04 12:18:52.962071+05:30,154.0,,5092725
2025-09-04 12:18:53.484233+05:30,154.0,,5092725
2025-09-04 12:18:53.739411+05:30,155.6,,5092725
2025-09-04 12:18:53.955963+05:30,155.65,,5092725
2025-09-04 12:18:54.484657+05:30,155.5,,5092725
2025-09-04 12:18:54.984561+05:30,155.3,,5092725
2025-09-04 12:18:55.456220+05:30,155.6,,5092725
2025-09-04 12:18:55.952302+05:30,155.5,,5166000
2025-09-04 12:18:56.201154+05:30,154.7,,5166000
2025-09-04 12:18:56.461192+05:30,155.2,,5166000
2025-09-04 12:18:56.952214+05:30,155.65,,5166000
2025-09-04 12:18:57.236141+05:30,155.5,,5166000
2025-09-04 12:18:57.464185+05:30,155.9,,5166000
2025-09-04 12:18:57.956312+05:30,156.05,,5166000
2025-09-04 12:18:58.755848+05:30,158.45,,5166000
2025-09-04 12:18:59.013075+05:30,158.8,,5166000
2025-09-04 12:18:59.539745+05:30,157.9,,5166000
2025-09-04 12:19:00.078896+05:30,158.95,,5166000
2025-09-04 12:19:00.243911+05:30,158.3,,5166000
2025-09-04 12:19:00.500291+05:30,158.4,,5166000
2025-09-04 12:19:01.043702+05:30,157.75,,5166000
2025-09-04 12:19:01.455779+05:30,157.35,,5166000
2025-09-04 12:19:01.955776+05:30,157.4,,5166000
2025-09-04 12:19:02.213439+05:30,157.05,,5166000
2025-09-04 12:19:02.456323+05:30,157.3,,5166000
2025-09-04 12:19:02.953189+05:30,157.25,,5166000
2025-09-04 12:19:03.528188+05:30,156.5,,5166000
2025-09-04 12:19:03.710116+05:30,156.75,,5166000
2025-09-04 12:19:03.960814+05:30,156.5,,5166000
2025-09-04 12:19:04.464422+05:30,156.1,,5166000
2025-09-04 12:19:04.984573+05:30,156.8,,5166000
2025-09-04 12:19:05.456850+05:30,156.6,,5166000
2025-09-04 12:19:05.955756+05:30,156.5,,5166000
2025-09-04 12:19:06.207489+05:30,156.45,,5166000
2025-09-04 12:19:06.455715+05:30,156.55,,5166000
2025-09-04 12:33:57.605578+05:30,154.05,,4542375
2025-09-04 12:33:57.670374+05:30,153.75,,4542375
2025-09-04 12:33:57.973990+05:30,153.65,,4542375
2025-09-04 12:33:58.199719+05:30,154.1,,4542375
2025-09-04 12:33:58.622258+05:30,153.4,,4433775
2025-09-04 12:33:59.264866+05:30,153.25,,4433775
2025-09-04 12:33:59.409708+05:30,152.35,,4433775
2025-09-04 12:33:59.705445+05:30,152.7,,4433775
2025-09-04 12:34:00.199254+05:30,152.8,,4433775
2025-09-04 12:34:00.432920+05:30,152.8,,4433775
2025-09-04 12:34:00.634989+05:30,152.95,,4433775
2025-09-04 12:34:01.166402+05:30,152.95,,4433775
2025-09-04 12:34:01.476718+05:30,152.55,,4433775
2025-09-04 12:34:01.643982+05:30,152.75,,4433775
2025-09-04 12:34:02.208479+05:30,153.05,,4433775
2025-09-04 12:34:02.644527+05:30,152.85,,4433775
2025-09-04 12:34:03.166096+05:30,152.65,,4433775
2025-09-04 12:34:03.709799+05:30,152.0,,4433775
2025-09-04 12:34:04.195749+05:30,152.25,,4433775
2025-09-04 12:34:04.445857+05:30,151.75,,4433775
2025-09-04 12:34:04.653001+05:30,152.05,,4433775
2025-09-04 12:34:04.920705+05:30,151.65,,4433775
2025-09-04 12:34:05.209354+05:30,151.15,,4433775
2025-09-04 12:34:05.634803+05:30,151.0,,4433775
2025-09-04 12:34:06.122380+05:30,150.75,,4433775
2025-09-04 12:34:06.418934+05:30,151.0,,4433775
2025-09-04 12:34:06.644152+05:30,150.7,,4433775
2025-09-04 12:34:07.153547+05:30,150.5,,4433775
2025-09-04 12:34:07.622439+05:30,150.4,,4433775
2025-09-04 12:34:07.897106+05:30,150.35,,4433775
2025-09-04 12:34:08.152979+05:30,150.4,,4433775
2025-09-04 12:34:08.643857+05:30,151.0,,4433775
2025-09-04 12:34:09.132566+05:30,151.2,,4433775
2025-09-04 12:34:09.431895+05:30,151.85,,4433775
2025-09-04 12:34:09.648532+05:30,151.9,,4433775
2025-09-04 12:34:09.882273+05:30,152.05,,4433775
2025-09-04 12:34:10.135001+05:30,151.8,,4433775
2025-09-04 12:34:10.649720+05:30,152.0,,4433775
2025-09-04 12:34:11.147256+05:30,151.6,,4433775
2025-09-04 12:34:11.624058+05:30,152.5,,4433775
2025-09-04 12:34:12.208983+05:30,152.1,,4433775
2025-09-04 12:34:12.659870+05:30,152.25,,4433775
2025-09-04 12:34:13.214949+05:30,152.1,,4433775
2025-09-04 12:34:13.701283+05:30,152.05,,4433775
2025-09-04 12:34:14.244639+05:30,152.3,,4433775
2025-09-04 12:34:14.405458+05:30,152.35,,4433775
2025-09-04 12:34:14.928042+05:30,152.25,,4433775
2025-09-04 12:34:15.183036+05:30,152.45,,4433775
2025-09-04 12:34:15.654245+05:30,153.0,,4433775
2025-09-04 12:34:16.173456+05:30,153.0,,4433775
2025-09-04 12:34:16.443231+05:30,153.6,,4433775
2025-09-04 12:34:16.654566+05:30,153.45,,4433775
2025-09-04 12:34:17.211046+05:30,154.0,,4433775
2025-09-04 12:34:17.676218+05:30,153.75,,4433775
2025-09-04 12:34:17.900480+05:30,153.95,,4433775
2025-09-04 12:34:18.188044+05:30,154.35,,4433775
2025-09-04 12:34:18.695237+05:30,154.15,,4433775
2025-09-04 12:34:19.159012+05:30,153.95,,4433775
2025-09-04 12:34:19.704590+05:30,153.95,,4433775
2025-09-04 12:34:19.918176+05:30,153.65,,4433775
2025-09-04 12:34:20.216966+05:30,153.7,,4433775
2025-09-04 12:34:20.650113+05:30,153.7,,4433775
2025-09-04 12:34:21.144122+05:30,153.65,,4433775
2025-09-04 12:34:21.437561+05:30,153.4,,4433775
2025-09-04 12:34:22.151426+05:30,154.1,,4433775
2025-09-04 12:34:22.683009+05:30,154.2,,4433775
2025-09-04 12:34:22.912384+05:30,154.35,,4433775
2025-09-04 12:34:23.206572+05:30,154.4,,4433775
2025-09-04 12:34:23.689847+05:30,154.35,,4433775
2025-09-04 12:34:24.143889+05:30,153.9,,4433775
2025-09-04 12:34:24.376732+05:30,154.05,,4433775
2025-09-04 12:34:24.685388+05:30,154.05,,4433775
2025-09-04 12:34:24.947548+05:30,154.0,,4433775
2025-09-04 12:34:25.213528+05:30,154.0,,4433775
2025-09-04 12:34:25.654203+05:30,154.15,,4433775
2025-09-04 12:34:26.217853+05:30,154.1,,4433775
2025-09-04 12:34:26.392694+05:30,154.95,,4433775
2025-09-04 12:34:26.678527+05:30,154.85,,4433775
2025-09-04 12:34:27.164020+05:30,154.85,,4433775
2025-09-04 12:34:27.664598+05:30,155.1,,4433775
2025-09-04 12:34:27.933855+05:30,154.7,,4433775
2025-09-04 12:34:28.126583+05:30,155.0,,4433775
2025-09-04 12:34:28.625517+05:30,154.5,,4433775
2025-09-04 12:34:29.170542+05:30,154.55,,4433775
2025-09-04 12:34:29.491872+05:30,154.25,,4433775
2025-09-04 12:34:29.635089+05:30,154.45,,4433775
2025-09-04 12:34:29.911535+05:30,154.3,,4433775
2025-09-04 12:34:30.171772+05:30,154.1,,4433775
2025-09-04 12:34:30.675436+05:30,153.65,,4433775
2025-09-04 12:34:31.127079+05:30,153.45,,4433775
2025-09-04 12:34:31.695503+05:30,153.25,,4433775
2025-09-04 12:34:32.220470+05:30,154.0,,4433775
2025-09-04 12:34:32.662460+05:30,154.0,,4433775
2025-09-04 12:34:32.901479+05:30,154.1,,4433775
2025-09-04 12:34:33.174149+05:30,154.1,,4433775
2025-09-04 12:34:33.640012+05:30,154.25,,4433775
2025-09-04 12:34:34.135819+05:30,154.5,,4433775
2025-09-04 12:34:34.655265+05:30,154.65,,4433775
2025-09-04 12:34:34.909151+05:30,154.95,,4433775
2025-09-04 12:34:35.140603+05:30,154.75,,4433775
2025-09-04 12:34:35.632040+05:30,154.8,,4433775
2025-09-04 12:34:36.131076+05:30,155.0,,4433775
2025-09-04 12:34:36.539237+05:30,155.0,,4433775
2025-09-04 12:34:36.722414+05:30,155.15,,4433775
2025-09-04 12:34:37.165541+05:30,155.05,,4433775
2025-09-04 12:34:37.657717+05:30,155.05,,4433775
2025-09-04 12:34:37.920704+05:30,154.85,,4433775
2025-09-04 12:34:38.173896+05:30,155.0,,4433775
2025-09-04 12:34:38.626303+05:30,155.15,,4433775
2025-09-04 12:34:39.212304+05:30,155.5,,4433775
2025-09-04 12:34:39.473525+05:30,155.45,,4433775
2025-09-04 12:34:39.899765+05:30,155.65,,4433775
2025-09-04 12:34:40.186243+05:30,156.1,,4433775
2025-09-04 12:34:40.628650+05:30,156.15,,4433775
2025-09-04 12:34:41.148935+05:30,156.4,,4433775
2025-09-04 12:34:41.677783+05:30,156.5,,4433775
2025-09-04 12:34:42.170327+05:30,156.85,,4433775
2025-09-04 12:34:42.638612+05:30,156.45,,4433775
2025-09-04 12:34:42.871580+05:30,156.0,,4433775
2025-09-04 12:34:43.198350+05:30,156.25,,4433775
2025-09-04 12:34:43.648494+05:30,155.95,,4433775
2025-09-04 12:34:44.181173+05:30,156.45,,4433775
2025-09-04 12:34:44.457339+05:30,156.1,,4433775
2025-09-04 12:34:44.679868+05:30,156.05,,4433775
2025-09-04 12:34:44.944599+05:30,156.45,,4433775
2025-09-04 12:34:45.193120+05:30,156.75,,4433775
2025-09-04 12:34:45.682086+05:30,156.35,,4433775
2025-09-04 12:34:46.157069+05:30,156.4,,4433775
2025-09-04 12:34:46.661020+05:30,156.45,,4433775
2025-09-04 12:34:47.148550+05:30,156.6,,4433775
2025-09-04 12:34:47.649114+05:30,156.5,,4433775
2025-09-04 12:34:47.891730+05:30,156.7,,4433775
2025-09-04 12:34:48.126245+05:30,156.7,,4433775
2025-09-04 12:34:48.660468+05:30,157.0,,4433775
2025-09-04 12:34:49.166810+05:30,157.25,,4433775
2025-09-04 12:34:49.397887+05:30,156.6,,4433775
2025-09-04 12:34:49.694002+05:30,156.75,,4433775
2025-09-04 12:34:49.901930+05:30,157.05,,4433775
2025-09-04 12:34:50.182871+05:30,156.55,,4433775
2025-09-04 12:34:50.970186+05:30,157.25,,4433775
2025-09-04 12:34:51.141353+05:30,157.35,,4433775
2025-09-04 12:34:51.376825+05:30,157.45,,4433775
2025-09-04 12:34:51.653516+05:30,157.15,,4433775
2025-09-04 12:34:52.226467+05:30,157.25,,4433775
2025-09-04 12:34:52.648379+05:30,156.95,,4433775
2025-09-04 12:34:53.201368+05:30,156.9,,4433775
2025-09-04 12:34:53.727146+05:30,157.0,,4433775
2025-09-04 12:34:54.232853+05:30,157.0,,4433775
2025-09-04 12:34:54.649551+05:30,156.85,,4433775
2025-09-04 12:34:55.176100+05:30,156.8,,4433775
2025-09-04 12:34:55.644003+05:30,156.75,,4433775
2025-09-04 12:34:56.154098+05:30,156.85,,4433775
2025-09-04 12:34:56.462119+05:30,156.7,,4433775
2025-09-04 12:34:56.626156+05:30,156.7,,4433775
2025-09-04 12:34:57.148588+05:30,157.45,,4433775
2025-09-04 12:34:57.645098+05:30,157.0,,4433775
2025-09-04 12:34:58.232826+05:30,157.0,,4433775
2025-09-04 12:34:58.715838+05:30,156.75,,4433775
2025-09-04 12:34:59.122306+05:30,157.35,,4433775
2025-09-04 12:34:59.653615+05:30,157.3,,4433775
2025-09-04 12:35:00.166663+05:30,157.05,,4433775
2025-09-04 12:35:00.670567+05:30,157.2,,4433775
2025-09-04 12:35:01.208852+05:30,157.65,,4433775
2025-09-04 12:35:01.391011+05:30,157.55,,4433775
2025-09-04 12:35:01.657462+05:30,157.4,,4433775
2025-09-04 12:35:02.229525+05:30,157.95,,4433775
2025-09-04 12:35:02.689723+05:30,157.55,,4433775
2025-09-04 12:35:03.228014+05:30,156.95,,4433775
2025-09-04 12:35:03.681125+05:30,157.15,,4433775
2025-09-04 12:35:04.146119+05:30,157.1,,4433775
2025-09-04 12:35:04.655610+05:30,157.65,,4433775
2025-09-04 12:35:05.187507+05:30,158.95,,4433775
2025-09-04 12:35:05.625842+05:30,159.05,,4433775
2025-09-04 12:35:06.139113+05:30,159.7,,4433775
2025-09-04 12:35:06.401063+05:30,159.2,,4433775
2025-09-04 12:35:07.203199+05:30,159.45,,4433775
2025-09-04 12:35:07.624606+05:30,159.1,,4433775
2025-09-04 12:35:08.123087+05:30,158.65,,4433775
2025-09-04 12:35:08.657764+05:30,158.55,,4433775
2025-09-04 12:35:09.169162+05:30,158.1,,4433775
2025-09-04 12:35:09.643737+05:30,157.75,,4433775
2025-09-04 12:35:10.131983+05:30,157.95,,4433775
2025-09-04 12:35:10.688000+05:30,157.85,,4433775
2025-09-04 12:35:11.132400+05:30,157.75,,4433775
2025-09-04 12:35:11.405429+05:30,157.9,,4433775
2025-09-04 12:35:11.664331+05:30,158.2,,4433775
2025-09-04 12:35:12.210910+05:30,157.95,,4433775
2025-09-04 12:35:12.656880+05:30,158.0,,4433775
2025-09-04 12:35:13.159138+05:30,157.85,,4433775
2025-09-04 12:35:13.651000+05:30,157.5,,4433775
2025-09-04 12:35:14.210727+05:30,158.0,,4433775
2025-09-04 12:35:14.642920+05:30,157.8,,4433775
2025-09-04 12:35:15.148321+05:30,157.6,,4433775
2025-09-04 12:35:15.719055+05:30,157.75,,4433775
2025-09-04 12:35:16.137543+05:30,157.4,,4433775
2025-09-04 12:35:16.446471+05:30,157.15,,4433775
2025-09-04 12:35:16.626078+05:30,157.1,,4433775
2025-09-04 12:35:17.199218+05:30,156.25,,4433775
2025-09-04 12:35:17.657805+05:30,156.65,,4433775
2025-09-04 12:35:18.219411+05:30,156.1,,4433775
2025-09-04 12:35:18.679156+05:30,156.65,,4433775
2025-09-04 12:35:19.158777+05:30,156.55,,4433775
2025-09-04 12:35:19.643162+05:30,156.9,,4433775
2025-09-04 12:35:20.175222+05:30,156.9,,4433775
2025-09-04 12:35:20.640174+05:30,157.1,,4433775
2025-09-04 12:35:21.162495+05:30,157.1,,4433775
2025-09-04 12:35:21.459496+05:30,157.1,,4433775
2025-09-04 12:35:21.642720+05:30,157.0,,4433775
2025-09-04 12:35:22.146043+05:30,156.7,,4433775
2025-09-04 12:35:22.633296+05:30,157.05,,4433775
2025-09-04 12:35:23.167926+05:30,156.7,,4433775
2025-09-04 12:35:23.628230+05:30,157.05,,4433775
2025-09-04 12:35:24.130113+05:30,156.95,,4433775
2025-09-04 12:35:24.651145+05:30,156.9,,4433775
2025-09-04 12:35:25.210012+05:30,156.95,,4433775
2025-09-04 12:35:25.679709+05:30,157.0,,4433775
2025-09-04 12:35:26.188590+05:30,156.55,,4433775
2025-09-04 12:35:26.499852+05:30,156.0,,4433775
2025-09-04 12:35:26.647972+05:30,156.0,,4433775
2025-09-04 12:35:27.163318+05:30,156.45,,4433775
2025-09-04 12:35:27.664480+05:30,156.45,,4433775
2025-09-04 13:44:22.183555+05:30,154.0,,4631775
2025-09-04 13:44:22.431290+05:30,153.15,,4631775
2025-09-04 13:44:23.188230+05:30,153.4,,4631775
2025-09-04 13:44:23.433075+05:30,153.4,,4631775
2025-09-04 13:44:24.215126+05:30,153.45,,4631775
2025-09-04 13:44:25.248832+05:30,153.15,,4631775
2025-09-04 13:44:25.464599+05:30,153.5,,4631775
2025-09-04 13:44:26.262244+05:30,153.5,,4631775
2025-09-04 13:44:26.424643+05:30,153.15,,4631775
2025-09-04 13:44:26.654733+05:30,152.95,,4631775
2025-09-04 13:44:26.976666+05:30,152.85,,4631775
2025-09-04 13:44:27.479705+05:30,153.0,,4631775
2025-09-04 13:44:28.207218+05:30,151.75,,4631775
2025-09-04 13:44:28.508393+05:30,151.8,,4631775
2025-09-04 13:44:29.267228+05:30,152.05,,4631775
2025-09-04 13:44:29.408381+05:30,151.45,,4631775
2025-09-04 13:44:30.215781+05:30,152.45,,4631775
2025-09-04 13:44:30.702995+05:30,152.45,,4631775
2025-09-04 13:44:31.181158+05:30,151.75,,4631775
2025-09-04 13:44:31.658491+05:30,151.65,,4631775
2025-09-04 13:44:31.975606+05:30,150.9,,4631775
2025-09-04 13:44:32.185252+05:30,151.0,,4631775
2025-09-04 13:44:33.185578+05:30,151.05,,4631775
2025-09-04 13:44:33.497770+05:30,150.85,,4631775
2025-09-04 13:44:34.208864+05:30,151.35,,4631775
2025-09-04 13:44:34.480803+05:30,151.4,,4631775
2025-09-04 13:44:35.208595+05:30,151.05,,4631775
2025-09-04 13:44:35.431964+05:30,151.35,,4631775
2025-09-04 13:44:36.219864+05:30,151.15,,4631775
2025-09-04 13:44:36.658176+05:30,151.45,,4631775
2025-09-04 13:44:36.925036+05:30,151.6,,4631775
2025-09-04 13:44:37.175892+05:30,151.7,,4631775
2025-09-04 13:44:38.213167+05:30,151.75,,4631775
2025-09-04 13:44:38.553697+05:30,151.6,,4631775
2025-09-04 13:44:39.193288+05:30,152.05,,4631775
2025-09-04 13:44:39.427554+05:30,152.15,,4631775
2025-09-04 13:44:40.294998+05:30,151.6,,4631775
2025-09-04 13:44:40.437176+05:30,151.55,,4631775
2025-09-04 13:44:41.233169+05:30,152.25,,4631775
2025-09-04 13:44:41.448879+05:30,151.95,,4631775
2025-09-04 13:44:41.658342+05:30,151.8,,4631775
2025-09-04 13:44:41.926867+05:30,151.35,,4631775
2025-09-04 13:44:42.163165+05:30,151.5,,4631775
2025-09-04 13:44:42.446267+05:30,152.3,,4631775
2025-09-04 13:44:43.197875+05:30,151.2,,4631775
2025-09-04 13:44:43.436874+05:30,150.4,,4631775
2025-09-04 13:44:44.212609+05:30,150.5,,4631775
2025-09-04 13:44:44.460797+05:30,150.4,,4631775
2025-09-04 13:44:45.185902+05:30,150.85,,4631775
2025-09-04 13:44:45.478330+05:30,150.75,,4631775
2025-09-04 13:44:46.201731+05:30,150.3,,4631775
2025-09-04 13:44:46.475542+05:30,150.05,,4631775
2025-09-04 13:44:46.685127+05:30,150.4,,4631775
2025-09-04 13:44:47.209019+05:30,150.4,,4631775
2025-09-04 13:44:47.444005+05:30,150.15,,4631775
2025-09-04 13:44:48.213805+05:30,150.3,,4631775
2025-09-04 13:44:48.453708+05:30,150.3,,4631775
2025-09-04 13:44:48.676374+05:30,150.15,,4631775
2025-09-04 13:44:49.244858+05:30,150.25,,4631775
2025-09-04 13:44:49.433754+05:30,150.4,,4631775
2025-09-04 13:44:50.227033+05:30,149.95,,4631775
2025-09-04 13:44:50.427333+05:30,150.2,,4631775
2025-09-04 13:44:51.256904+05:30,150.5,,4631775
2025-09-04 13:44:51.532714+05:30,150.8,,4631775
2025-09-04 13:44:51.656336+05:30,150.7,,4631775
2025-09-04 13:44:52.188105+05:30,149.75,,4631775
2025-09-04 13:44:53.198492+05:30,148.7,,4631775
2025-09-04 13:44:53.463119+05:30,148.75,,4631775
2025-09-04 13:44:53.717641+05:30,149.0,,4631775
2025-09-04 13:44:54.220425+05:30,149.0,,4631775
2025-09-04 13:44:54.436930+05:30,148.95,,4631775
2025-09-04 13:44:54.929705+05:30,149.15,,4631775
2025-09-04 13:44:55.179395+05:30,149.35,,4631775
2025-09-04 13:44:56.186707+05:30,149.35,,4631775
2025-09-04 13:44:56.732038+05:30,149.8,,4631775
2025-09-04 13:44:57.268937+05:30,149.95,,4631775
2025-09-04 13:44:57.422468+05:30,149.8,,4631775
2025-09-04 13:44:58.272975+05:30,150.35,,4631775
2025-09-04 13:44:58.475611+05:30,149.95,,4631775
2025-09-04 13:44:59.233883+05:30,149.65,,4631775
2025-09-04 13:44:59.457520+05:30,149.7,,4631775
2025-09-04 13:44:59.924224+05:30,150.0,,4631775
2025-09-04 13:45:00.298631+05:30,150.0,,4631775
2025-09-04 13:45:00.436381+05:30,150.25,,4631775
2025-09-04 13:45:00.902927+05:30,150.25,,4631775
2025-09-04 13:45:01.182725+05:30,150.75,,4631775
2025-09-04 13:45:01.690489+05:30,151.2,,4631775
2025-09-04 13:45:02.209992+05:30,150.3,,4631775
2025-09-04 13:45:02.408075+05:30,150.5,,4631775
2025-09-04 13:45:03.213431+05:30,150.0,,4631775
2025-09-04 13:45:03.449562+05:30,150.4,,4631775
2025-09-04 13:45:04.164430+05:30,150.5,,4631775
2025-09-04 13:45:04.909261+05:30,150.45,,4631775
2025-09-04 13:45:05.193702+05:30,150.45,,4631775
2025-09-04 13:45:06.174332+05:30,150.9,,4631775
2025-09-04 13:45:06.447918+05:30,151.4,,4631775
2025-09-04 13:45:06.696138+05:30,151.05,,4631775
2025-09-04 13:45:07.212729+05:30,151.1,,4631775
2025-09-04 13:45:08.224553+05:30,150.75,,4631775
2025-09-04 13:45:08.476637+05:30,150.9,,4631775
2025-09-04 13:45:09.201675+05:30,151.5,,4631775
2025-09-04 13:45:09.939326+05:30,151.5,,4631775
2025-09-04 13:45:10.224991+05:30,151.4,,4631775
2025-09-04 13:45:11.246913+05:30,151.95,,4631775
2025-09-04 13:45:11.654789+05:30,151.15,,4631775
2025-09-04 13:45:12.215666+05:30,151.8,,4631775
2025-09-04 13:45:12.418442+05:30,151.5,,4631775
2025-09-04 13:45:13.180871+05:30,150.8,,4631775
2025-09-04 13:45:13.511278+05:30,150.9,,4631775
2025-09-04 13:45:14.186331+05:30,151.05,,4631775
2025-09-04 13:45:14.413789+05:30,151.25,,4631775
2025-09-04 13:45:14.951779+05:30,151.05,,4631775
2025-09-04 13:45:15.175057+05:30,151.1,,4631775
2025-09-04 13:45:16.194500+05:30,150.0,,4631775
2025-09-04 13:45:16.430927+05:30,149.7,,4631775
2025-09-04 13:45:16.706572+05:30,150.9,,4631775
2025-09-04 13:45:17.186028+05:30,150.45,,4631775
2025-09-04 13:45:18.192405+05:30,150.4,,4631775
2025-09-04 13:45:18.525700+05:30,150.0,,4631775
2025-09-04 13:45:19.264681+05:30,149.9,,4631775
2025-09-04 13:45:19.433578+05:30,150.2,,4631775
2025-09-04 13:45:19.924319+05:30,149.5,,4631775
2025-09-04 13:45:20.234752+05:30,149.65,,4631775
2025-09-04 13:45:20.431193+05:30,149.8,,4631775
2025-09-04 13:45:21.223706+05:30,150.0,,4631775
2025-09-04 13:45:21.669647+05:30,150.65,,4631775
2025-09-04 13:45:22.165369+05:30,150.55,,4631775
2025-09-04 13:45:22.505201+05:30,149.55,,4631775
2025-09-04 13:45:23.214968+05:30,149.15,,4631775
2025-09-04 13:45:23.542366+05:30,148.7,,4631775
2025-09-04 13:45:24.266963+05:30,148.15,,4631775
2025-09-04 13:45:24.436207+05:30,148.2,,4631775
2025-09-04 13:45:24.914632+05:30,148.2,,4631775
2025-09-04 13:45:25.210718+05:30,147.5,,4631775
2025-09-04 13:45:26.250017+05:30,147.05,,4631775
2025-09-04 13:45:26.464139+05:30,147.0,,4631775
2025-09-04 13:45:26.669280+05:30,147.6,,4631775
2025-09-04 13:45:27.180888+05:30,147.95,,4631775
2025-09-04 13:45:28.268818+05:30,148.4,,4631775
2025-09-04 13:45:28.408956+05:30,148.25,,4631775
2025-09-04 13:45:29.203784+05:30,148.85,,4631775
2025-09-04 13:45:29.484040+05:30,148.3,,4631775
2025-09-04 13:45:29.923933+05:30,148.55,,4631775
2025-09-04 13:45:30.162738+05:30,148.65,,4631775
2025-09-04 13:45:30.515204+05:30,148.25,,4631775
2025-09-04 13:45:30.907862+05:30,148.25,,4631775
2025-09-04 13:45:31.214854+05:30,148.3,,4631775
2025-09-04 13:45:31.681628+05:30,148.8,,4631775
2025-09-04 13:45:32.181346+05:30,148.6,,4631775
2025-09-04 13:45:33.225379+05:30,148.9,,4631775
2025-09-04 13:45:33.497580+05:30,148.9,,4631775
2025-09-04 13:45:34.202290+05:30,149.0,,4631775
2025-09-04 13:45:34.921668+05:30,148.8,,4631775
2025-09-04 13:45:35.228980+05:30,148.8,,4631775
2025-09-04 13:45:35.409186+05:30,148.8,,4631775
2025-09-04 13:45:36.220632+05:30,148.95,,4631775
2025-09-04 13:45:36.680035+05:30,148.55,,4631775
2025-09-04 13:45:37.181334+05:30,148.75,,4631775
2025-09-04 13:45:38.196891+05:30,149.15,,4631775
2025-09-04 13:45:38.448207+05:30,148.95,,4631775
2025-09-04 13:45:39.180553+05:30,148.9,,4631775
2025-09-04 13:45:39.929003+05:30,149.4,,4631775
2025-09-04 13:45:40.167746+05:30,149.4,,4631775
2025-09-04 13:45:41.199646+05:30,149.25,,4631775
2025-09-04 13:45:41.487477+05:30,148.95,,4631775
2025-09-04 13:45:41.675159+05:30,149.05,,4631775
2025-09-04 13:45:42.177256+05:30,148.95,,4631775
2025-09-04 13:45:43.175601+05:30,149.9,,4631775
2025-09-04 13:45:43.446926+05:30,150.0,,4631775
2025-09-04 13:45:44.186558+05:30,149.6,,4631775
2025-09-04 13:45:44.425274+05:30,149.6,,4631775
2025-09-04 13:45:44.923591+05:30,150.1,,4631775
2025-09-04 13:45:45.181627+05:30,149.55,,4631775
2025-09-04 13:45:45.513266+05:30,149.15,,4631775
2025-09-04 13:45:46.248141+05:30,149.25,,4631775
2025-09-04 13:45:46.473374+05:30,148.65,,4631775
2025-09-04 13:45:46.668897+05:30,148.65,,4631775
2025-09-04 13:45:47.249788+05:30,149.1,,4631775
2025-09-04 13:45:47.524913+05:30,149.0,,4631775
2025-09-04 13:45:48.167202+05:30,148.6,,4631775
2025-09-04 13:45:48.449746+05:30,148.7,,4631775
2025-09-04 13:45:49.202362+05:30,149.4,,4631775
2025-09-04 13:45:49.449749+05:30,149.25,,4631775
2025-09-04 13:45:49.918942+05:30,149.0,,4631775
2025-09-04 13:45:50.232315+05:30,148.95,,4631775
2025-09-04 13:45:50.426777+05:30,149.1,,4631775
2025-09-04 13:45:51.217012+05:30,148.45,,4631775
2025-09-04 13:45:51.456966+05:30,147.6,,4631775
2025-09-04 13:45:51.673740+05:30,148.1,,4631775
2025-09-04 13:45:52.175389+05:30,147.6,,4631775
2025-09-04 13:45:52.516157+05:30,147.6,,4631775
2025-09-04 13:45:53.223631+05:30,147.55,,4631775
2025-09-04 13:45:53.673955+05:30,147.55,,4631775
2025-09-04 13:45:54.196630+05:30,147.7,,4631775
2025-09-04 13:45:54.467679+05:30,147.5,,4631775
2025-09-04 13:45:54.929058+05:30,147.3,,4631775
2025-09-04 13:45:55.177595+05:30,147.35,,4631775
2025-09-04 13:45:55.427211+05:30,147.5,,4631775
2025-09-04 13:45:56.170504+05:30,147.25,,4631775
2025-09-04 13:45:56.464338+05:30,147.3,,4631775
2025-09-04 13:45:56.669304+05:30,147.4,,4631775
2025-09-04 13:45:56.915899+05:30,147.6,,4631775
2025-09-04 13:45:57.480268+05:30,147.2,,4631775
2025-09-04 13:45:58.222585+05:30,147.25,,4631775
2025-09-04 13:45:58.461641+05:30,147.2,,4631775
2025-09-04 13:45:59.171670+05:30,147.5,,4631775
2025-09-04 13:45:59.478174+05:30,147.95,,4631775
2025-09-04 13:45:59.929208+05:30,148.0,,4631775
2025-09-04 13:46:00.176515+05:30,147.75,,4631775
2025-09-04 13:46:00.697438+05:30,147.75,,4631775
2025-09-04 13:46:01.240963+05:30,148.15,,4631775
2025-09-04 13:46:01.476395+05:30,147.5,,4631775
2025-09-04 13:46:01.919375+05:30,147.6,,4631775
2025-09-04 13:46:02.188281+05:30,147.9,,4631775
2025-09-04 13:46:02.444681+05:30,148.2,,4631775
2025-09-04 13:46:03.180882+05:30,148.65,,4631775
2025-09-04 13:46:03.444387+05:30,148.65,,4631775
2025-09-04 13:46:04.193274+05:30,149.1,,4631775
2025-09-04 13:46:04.443833+05:30,149.0,,4631775
2025-09-04 13:46:04.920228+05:30,149.25,,4631775
2025-09-04 13:46:05.167277+05:30,149.5,,4631775
2025-09-04 13:46:05.425432+05:30,149.4,,4631775
2025-09-04 13:46:06.161619+05:30,149.2,,4631775
2025-09-04 13:46:06.479282+05:30,149.65,,4631775
2025-09-04 13:46:06.907306+05:30,149.35,,4631775
2025-09-04 13:46:07.227141+05:30,149.65,,4631775
2025-09-04 13:46:07.657700+05:30,149.8,,4631775
2025-09-04 13:46:08.213852+05:30,149.05,,4631775
2025-09-04 13:46:08.652872+05:30,149.05,,4631775
2025-09-04 13:46:09.190176+05:30,149.45,,4631775
2025-09-04 13:46:09.524557+05:30,148.65,,4631775
2025-09-04 13:46:09.905155+05:30,148.65,,4631775
2025-09-04 13:46:10.171340+05:30,148.55,,4498725
2025-09-04 13:46:10.470829+05:30,148.75,,4498725
2025-09-04 13:46:11.185819+05:30,148.6,,4498725
2025-09-04 13:46:11.744284+05:30,148.6,,4498725
2025-09-04 13:46:11.930020+05:30,148.8,,4498725
2025-09-04 13:46:12.246499+05:30,148.2,,4498725
2025-09-04 13:46:12.658631+05:30,148.25,,4498725
2025-09-04 13:46:13.180104+05:30,149.95,,4498725
2025-09-04 13:46:14.158928+05:30,149.5,,4498725
2025-09-04 13:46:14.437024+05:30,149.8,,4498725
2025-09-04 13:46:14.924175+05:30,149.35,,4498725
2025-09-04 13:46:15.482973+05:30,149.4,,4498725
2025-09-04 13:46:16.184215+05:30,149.3,,4498725
2025-09-04 13:46:16.463262+05:30,149.25,,4498725
2025-09-04 13:46:16.915489+05:30,149.7,,4498725
2025-09-04 13:46:17.248773+05:30,150.4,,4498725
2025-09-04 13:46:17.474300+05:30,150.15,,4498725
2025-09-04 13:46:18.202364+05:30,150.65,,4498725
2025-09-04 13:46:18.459233+05:30,150.35,,4498725
2025-09-04 13:46:19.226893+05:30,150.25,,4498725
2025-09-04 13:46:19.415721+05:30,149.9,,4498725
2025-09-04 13:46:19.908921+05:30,150.25,,4498725
2025-09-04 13:46:20.169164+05:30,150.25,,4498725
2025-09-04 13:46:20.444470+05:30,150.45,,4498725
2025-09-04 13:46:21.180228+05:30,150.65,,4498725
2025-09-04 13:46:21.456868+05:30,150.0,,4498725
2025-09-04 13:46:21.937368+05:30,149.95,,4498725
2025-09-04 13:46:22.472309+05:30,150.2,,4498725
2025-09-04 13:46:23.207593+05:30,150.3,,4498725
2025-09-04 13:46:23.461434+05:30,150.3,,4498725
2025-09-04 13:46:24.201894+05:30,149.9,,4498725
2025-09-04 13:46:24.694933+05:30,150.0,,4498725
2025-09-04 13:46:24.911737+05:30,150.1,,4498725
2025-09-04 13:46:25.469095+05:30,150.3,,4498725
2025-09-04 13:46:26.231924+05:30,150.05,,4498725
2025-09-04 13:46:26.450503+05:30,149.9,,4498725
2025-09-04 13:46:26.673376+05:30,150.2,,4498725
2025-09-04 13:46:27.177547+05:30,150.15,,4498725
2025-09-04 13:46:27.415765+05:30,150.0,,4498725
2025-09-04 13:46:28.273944+05:30,149.85,,4498725
2025-09-04 13:46:28.453787+05:30,149.85,,4498725
2025-09-04 13:46:29.209423+05:30,150.0,,4498725
2025-09-04 13:46:29.452976+05:30,149.95,,4498725
2025-09-04 13:46:30.194948+05:30,149.45,,4498725
2025-09-04 13:46:30.713794+05:30,149.5,,4498725
2025-09-04 13:46:31.242239+05:30,150.25,,4498725
2025-09-04 13:46:31.455913+05:30,150.0,,4498725
2025-09-04 13:46:31.658790+05:30,150.35,,4498725
2025-09-04 13:46:32.208731+05:30,150.25,,4498725
2025-09-04 13:46:32.522312+05:30,149.55,,4498725
2025-09-04 13:46:33.170549+05:30,149.0,,4498725
2025-09-04 13:46:33.456434+05:30,149.0,,4498725
2025-09-04 13:46:34.226413+05:30,149.1,,4498725
2025-09-04 13:46:34.483245+05:30,148.85,,4498725
2025-09-04 13:46:35.177592+05:30,149.65,,4498725
2025-09-04 13:46:35.510257+05:30,149.6,,4498725
2025-09-04 13:46:36.192306+05:30,149.45,,4498725
2025-09-04 13:46:36.479323+05:30,149.7,,4498725
2025-09-04 13:46:36.670022+05:30,149.7,,4498725
2025-09-04 13:46:37.192940+05:30,149.7,,4498725
2025-09-04 13:46:37.489714+05:30,150.4,,4498725
2025-09-04 13:46:38.202043+05:30,150.65,,4498725
2025-09-04 13:46:38.424816+05:30,150.65,,4498725
2025-09-04 13:46:39.240783+05:30,150.7,,4498725
2025-09-04 13:46:39.535483+05:30,151.0,,4498725
2025-09-04 13:46:39.923553+05:30,151.5,,4498725
2025-09-04 13:46:40.185663+05:30,151.75,,4498725
2025-09-04 13:46:40.432668+05:30,151.75,,4498725
2025-09-04 13:46:41.201597+05:30,151.75,,4498725
2025-09-04 13:46:41.489092+05:30,151.3,,4498725
2025-09-04 13:46:41.656846+05:30,151.5,,4498725
2025-09-04 13:46:42.243655+05:30,151.45,,4498725
2025-09-04 13:46:42.474041+05:30,151.6,,4498725
2025-09-04 13:46:43.158484+05:30,151.25,,4498725
2025-09-04 13:46:44.158549+05:30,150.05,,4498725
2025-09-04 13:46:44.450942+05:30,150.45,,4498725
2025-09-04 13:46:44.949549+05:30,150.5,,4498725
2025-09-04 13:46:45.192281+05:30,150.15,,4498725
2025-09-04 13:46:45.429810+05:30,150.05,,4498725
2025-09-04 13:46:46.218828+05:30,150.45,,4498725
2025-09-04 13:46:46.519559+05:30,150.7,,4498725
2025-09-04 13:46:46.674238+05:30,150.5,,4498725
2025-09-04 13:46:47.213302+05:30,150.45,,4498725
2025-09-04 13:46:47.420151+05:30,150.45,,4498725
2025-09-04 13:46:48.240584+05:30,150.3,,4498725
2025-09-04 13:46:48.446091+05:30,150.8,,4498725
2025-09-04 13:46:49.237044+05:30,150.5,,4498725
2025-09-04 13:46:49.469757+05:30,150.45,,4498725
2025-09-04 13:46:49.923060+05:30,150.45,,4498725
2025-09-04 13:46:50.180439+05:30,150.05,,4498725
2025-09-04 13:46:50.507013+05:30,150.05,,4498725
2025-09-04 13:46:51.190570+05:30,150.5,,4498725
2025-09-04 13:46:51.435065+05:30,150.05,,4498725
2025-09-04 13:46:51.713683+05:30,150.05,,4498725
2025-09-04 13:46:52.224006+05:30,150.5,,4498725
2025-09-04 13:46:52.427153+05:30,150.3,,4498725
2025-09-04 13:46:53.201994+05:30,150.25,,4498725
2025-09-04 13:46:53.412609+05:30,150.6,,4498725
2025-09-04 13:46:54.234376+05:30,150.2,,4498725
2025-09-04 13:46:54.673927+05:30,149.85,,4498725
2025-09-04 13:46:54.924044+05:30,149.95,,4498725
2025-09-04 13:46:55.173393+05:30,149.95,,4498725
2025-09-04 13:46:55.491643+05:30,149.35,,4498725
2025-09-04 13:46:56.174671+05:30,149.45,,4498725
2025-09-04 13:46:56.482666+05:30,149.1,,4498725
2025-09-04 13:46:56.702154+05:30,149.5,,4498725
2025-09-04 13:46:57.254490+05:30,149.6,,4498725
2025-09-04 13:46:57.654859+05:30,149.75,,4498725
2025-09-04 13:46:58.213439+05:30,149.4,,4498725
2025-09-04 13:46:58.434359+05:30,149.4,,4498725
2025-09-04 13:46:59.188870+05:30,149.95,,4498725
2025-09-04 13:46:59.461033+05:30,149.65,,4498725
2025-09-04 13:46:59.923602+05:30,150.05,,4498725
2025-09-04 13:47:00.467355+05:30,150.05,,4498725
2025-09-04 13:47:00.656881+05:30,150.05,,4498725
2025-09-04 13:47:01.273629+05:30,149.2,,4498725
2025-09-04 13:47:01.447917+05:30,150.25,,4498725
2025-09-04 13:47:01.684288+05:30,150.25,,4498725
2025-09-04 13:47:02.274349+05:30,150.05,,4498725
2025-09-04 13:47:02.423757+05:30,149.7,,4498725
2025-09-04 13:47:03.236609+05:30,149.3,,4498725
2025-09-04 13:47:04.254956+05:30,150.2,,4498725
2025-09-04 13:47:04.524050+05:30,150.25,,4498725
2025-09-04 13:47:04.922832+05:30,151.15,,4498725
2025-09-04 13:47:05.213918+05:30,151.1,,4498725
2025-09-04 13:47:05.466766+05:30,151.55,,4498725
2025-09-04 13:47:06.170086+05:30,150.95,,4498725
2025-09-04 13:47:06.498561+05:30,151.1,,4498725
2025-09-04 13:47:06.706851+05:30,151.15,,4498725
2025-09-04 13:47:07.206402+05:30,150.8,,4498725
2025-09-04 13:47:07.736614+05:30,150.45,,4498725
2025-09-04 13:47:08.202229+05:30,150.3,,4498725
2025-09-04 13:47:08.473751+05:30,150.3,,4498725
2025-09-04 13:47:09.186552+05:30,150.7,,4498725
2025-09-04 13:47:09.502277+05:30,150.75,,4498725
2025-09-04 13:47:09.922968+05:30,150.8,,4498725
2025-09-04 13:47:10.222904+05:30,150.5,,4498725
2025-09-04 13:47:10.463779+05:30,150.4,,4498725
2025-09-04 13:47:11.180246+05:30,149.85,,4498725
2025-09-04 13:47:11.542734+05:30,150.1,,4498725
2025-09-04 13:47:12.165784+05:30,150.1,,4498725
2025-09-04 13:47:12.677844+05:30,149.9,,4498725
2025-09-04 13:47:13.278597+05:30,150.25,,4498725
2025-09-04 13:47:13.449294+05:30,150.25,,4498725
2025-09-04 13:47:14.201236+05:30,150.1,,4498725
2025-09-04 13:47:14.450853+05:30,150.15,,4498725
2025-09-04 13:47:14.956699+05:30,150.25,,4498725
2025-09-04 13:47:15.265585+05:30,150.25,,4498725
2025-09-04 13:47:15.490421+05:30,150.8,,4498725
2025-09-04 13:47:16.162230+05:30,150.6,,4498725
2025-09-04 13:47:16.467874+05:30,151.6,,4498725
2025-09-04 13:47:17.193644+05:30,152.05,,4498725
2025-09-04 13:47:17.409029+05:30,152.15,,4498725
2025-09-04 13:47:18.258009+05:30,152.4,,4498725
2025-09-04 13:47:18.452536+05:30,152.35,,4498725
2025-09-04 13:47:19.227488+05:30,152.35,,4498725
2025-09-04 13:47:19.443728+05:30,152.85,,4498725
2025-09-04 13:47:19.961597+05:30,153.2,,4498725
2025-09-04 13:47:20.229393+05:30,153.3,,4498725
2025-09-04 13:47:20.656987+05:30,153.1,,4498725
2025-09-04 13:47:20.929509+05:30,152.85,,4498725
2025-09-04 13:47:21.459936+05:30,152.9,,4498725
2025-09-04 13:47:22.179065+05:30,153.2,,4498725
2025-09-04 13:47:22.465350+05:30,152.5,,4498725
2025-09-04 13:47:23.196059+05:30,153.05,,4498725
2025-09-04 13:47:23.462604+05:30,152.35,,4498725
2025-09-04 13:47:24.199927+05:30,153.0,,4498725
2025-09-04 13:47:24.679821+05:30,152.5,,4498725
2025-09-04 13:47:24.923123+05:30,152.8,,4498725
2025-09-04 13:47:25.169860+05:30,152.85,,4498725
2025-09-04 13:47:25.425295+05:30,153.3,,4498725
2025-09-04 13:47:26.213678+05:30,151.75,,4498725
2025-09-04 13:47:26.467920+05:30,151.7,,4498725
2025-09-04 13:47:27.216523+05:30,152.1,,4498725
2025-09-04 13:47:27.679650+05:30,152.15,,4498725
2025-09-04 13:47:28.238057+05:30,152.75,,4498725
2025-09-04 13:47:28.499053+05:30,152.75,,4498725
2025-09-04 13:47:29.196880+05:30,152.1,,4498725
2025-09-04 13:47:29.442283+05:30,152.0,,4498725
2025-09-04 13:47:29.923179+05:30,152.2,,4498725
2025-09-04 13:47:30.228390+05:30,152.1,,4498725
2025-09-04 13:47:30.497127+05:30,151.7,,4498725
2025-09-04 13:47:31.189035+05:30,151.5,,4498725
2025-09-04 13:47:31.694005+05:30,151.9,,4498725
2025-09-04 13:47:32.221624+05:30,151.6,,4498725
2025-09-04 13:47:32.443701+05:30,151.7,,4498725
2025-09-04 13:47:33.169983+05:30,151.8,,4498725
2025-09-04 13:47:33.470980+05:30,151.75,,4498725
2025-09-04 13:47:34.466954+05:30,156.3,,4498725
2025-09-04 13:47:34.922876+05:30,155.95,,4498725
2025-09-04 13:47:35.230201+05:30,155.4,,4498725
2025-09-04 13:47:35.668243+05:30,156.05,,4498725
2025-09-04 13:47:36.174171+05:30,155.6,,4498725
2025-09-04 13:47:36.665895+05:30,155.6,,4498725
2025-09-04 13:47:37.199826+05:30,155.8,,4498725
2025-09-04 13:47:37.430180+05:30,155.75,,4498725
2025-09-04 13:47:38.185258+05:30,155.6,,4498725
2025-09-04 13:47:38.459002+05:30,155.85,,4498725
2025-09-04 13:47:39.255585+05:30,155.05,,4498725
2025-09-04 13:47:39.432639+05:30,155.35,,4498725
2025-09-04 13:47:39.997322+05:30,155.35,,4498725
2025-09-04 13:47:40.181997+05:30,154.9,,4498725
2025-09-04 13:47:40.462057+05:30,155.05,,4498725
2025-09-04 13:47:41.175083+05:30,155.45,,4498725
2025-09-04 13:47:41.446714+05:30,155.3,,4498725
2025-09-04 13:47:42.196196+05:30,155.5,,4498725
2025-09-04 13:47:42.672791+05:30,155.7,,4498725
2025-09-04 13:47:43.174564+05:30,155.0,,4498725
2025-09-04 13:47:43.452030+05:30,155.0,,4498725
2025-09-04 13:47:44.157870+05:30,155.6,,4498725
2025-09-04 13:47:44.452053+05:30,156.25,,4498725
2025-09-04 13:47:44.656144+05:30,156.6,,4498725
2025-09-04 13:47:44.955560+05:30,155.95,,4498725
2025-09-04 13:47:45.155691+05:30,156.1,,4498725
2025-09-04 13:47:45.455466+05:30,155.85,,4498725
2025-09-04 13:47:46.196562+05:30,156.2,,4498725
2025-09-04 13:47:46.472314+05:30,156.75,,4498725
2025-09-04 13:47:47.239740+05:30,155.9,,4498725
2025-09-04 13:47:47.677981+05:30,155.95,,4498725
2025-09-04 13:47:48.221056+05:30,154.95,,4498725
2025-09-04 13:47:48.434305+05:30,155.05,,4498725
2025-09-04 13:47:49.169259+05:30,154.75,,4498725
2025-09-04 13:47:49.449740+05:30,154.8,,4498725
2025-09-04 13:47:49.681782+05:30,154.35,,4498725
2025-09-04 13:47:50.192280+05:30,154.35,,4498725
2025-09-04 13:47:50.532060+05:30,154.4,,4498725
2025-09-04 13:47:51.198914+05:30,153.35,,4498725
2025-09-04 13:47:51.463504+05:30,153.7,,4498725
2025-09-04 13:47:52.201192+05:30,153.35,,4498725
2025-09-04 13:47:52.453327+05:30,153.6,,4498725
2025-09-04 13:47:53.205856+05:30,154.0,,4498725
2025-09-04 13:47:53.418981+05:30,153.8,,4498725
2025-09-04 13:47:54.234791+05:30,154.25,,4498725
2025-09-04 13:47:54.510283+05:30,154.0,,4498725
2025-09-04 13:47:54.701250+05:30,153.55,,4498725
2025-09-04 13:47:55.237557+05:30,153.55,,4498725
2025-09-04 13:47:55.429189+05:30,153.05,,4498725
2025-09-04 13:47:56.180881+05:30,154.0,,4498725
2025-09-04 13:47:56.497747+05:30,154.0,,4498725
2025-09-04 13:47:57.186193+05:30,153.85,,4498725
2025-09-04 13:47:57.435162+05:30,154.2,,4498725
2025-09-04 13:47:57.928089+05:30,153.75,,4498725
2025-09-04 13:47:58.184162+05:30,153.95,,4498725
2025-09-04 13:47:58.498494+05:30,153.75,,4498725
2025-09-04 13:47:59.207383+05:30,153.65,,4498725
2025-09-04 13:47:59.457293+05:30,153.4,,4498725
2025-09-04 13:47:59.699076+05:30,153.8,,4498725
2025-09-04 13:47:59.906082+05:30,153.8,,4498725
2025-09-04 13:48:00.164686+05:30,153.95,,4498725
2025-09-04 13:48:00.417390+05:30,153.15,,4498725
2025-09-04 13:48:01.266904+05:30,153.35,,4498725
2025-09-04 13:48:01.531460+05:30,154.0,,4498725
2025-09-04 13:48:02.234966+05:30,153.8,,4498725
2025-09-04 13:48:02.678032+05:30,153.55,,4498725
2025-09-04 13:48:02.966119+05:30,153.5,,4498725
2025-09-04 13:48:03.200638+05:30,153.55,,4498725
2025-09-04 13:48:03.425010+05:30,153.4,,4498725
2025-09-04 13:48:04.234362+05:30,154.0,,4498725
2025-09-04 13:48:04.444898+05:30,153.85,,4498725
2025-09-04 13:48:04.677615+05:30,153.4,,4498725
2025-09-04 13:48:05.181308+05:30,153.8,,4498725
2025-09-04 13:48:05.532745+05:30,153.95,,4498725
2025-09-04 13:48:06.246468+05:30,153.75,,4498725
2025-09-04 13:48:06.438470+05:30,153.65,,4498725
2025-09-04 13:48:07.168017+05:30,154.2,,4498725
2025-09-04 13:48:07.478497+05:30,153.8,,4498725
2025-09-04 13:48:07.954807+05:30,154.05,,4498725
2025-09-04 13:48:08.189688+05:30,153.95,,4498725
2025-09-04 13:48:08.656021+05:30,154.05,,4498725
2025-09-04 13:48:09.240199+05:30,154.0,,4498725
2025-09-04 13:48:09.432702+05:30,153.75,,4498725
2025-09-04 13:48:09.727039+05:30,154.2,,4498725
2025-09-04 13:48:10.205010+05:30,154.2,,4498725
2025-09-04 13:48:10.431498+05:30,154.35,,4498725
2025-09-04 13:48:11.206776+05:30,154.2,,4498725
2025-09-04 13:48:11.530614+05:30,154.35,,4498725
2025-09-04 13:48:12.256403+05:30,154.55,,4498725
2025-09-04 13:48:12.450908+05:30,154.75,,4498725
2025-09-04 13:48:12.966630+05:30,154.8,,4498725
2025-09-04 13:48:13.214824+05:30,155.1,,4498725
2025-09-04 13:48:13.453521+05:30,155.5,,4498725
2025-09-04 13:48:14.223127+05:30,155.35,,4498725
2025-09-04 13:48:14.700092+05:30,155.7,,4498725
2025-09-04 13:48:14.918421+05:30,155.4,,4498725
2025-09-04 13:48:15.193381+05:30,155.05,,4498725
2025-09-04 13:48:15.734083+05:30,155.65,,4498725
2025-09-04 13:48:16.208694+05:30,156.95,,4498725
2025-09-04 13:48:16.448564+05:30,157.0,,4498725
2025-09-04 13:48:17.195718+05:30,156.95,,4498725
2025-09-04 13:48:17.441236+05:30,156.45,,4498725
2025-09-04 13:48:17.959841+05:30,157.2,,4498725
2025-09-04 13:48:18.190853+05:30,157.05,,4498725
2025-09-04 13:48:18.439288+05:30,157.35,,4498725
2025-09-04 13:48:19.163243+05:30,157.45,,4498725
2025-09-04 13:48:19.532722+05:30,158.4,,4498725
2025-09-04 13:48:19.927222+05:30,158.4,,4498725
2025-09-04 13:48:20.182609+05:30,158.05,,4498725
2025-09-04 13:48:20.468508+05:30,158.1,,4498725
2025-09-04 13:48:21.172229+05:30,158.45,,4498725
2025-09-04 13:48:21.657084+05:30,158.75,,4498725
2025-09-04 13:48:22.217316+05:30,158.45,,4498725
2025-09-04 13:48:22.672683+05:30,158.0,,4498725
2025-09-04 13:48:22.942411+05:30,157.8,,4498725
2025-09-04 13:48:23.211578+05:30,157.7,,4498725
2025-09-04 13:48:23.461705+05:30,158.3,,4498725
2025-09-04 13:48:24.188315+05:30,157.85,,4498725
2025-09-04 13:48:24.711165+05:30,158.55,,4498725
2025-09-04 13:48:24.905921+05:30,158.6,,4498725
2025-09-04 13:48:25.179282+05:30,158.6,,4498725
2025-09-04 13:48:25.718730+05:30,157.85,,4498725
2025-09-04 13:48:26.212182+05:30,157.35,,4498725
2025-09-04 13:48:26.668650+05:30,157.05,,4498725
2025-09-04 13:48:27.256751+05:30,157.6,,4498725
2025-09-04 13:48:27.452065+05:30,157.35,,4498725
2025-09-04 13:48:28.223091+05:30,157.15,,4498725
2025-09-04 13:48:28.455287+05:30,156.95,,4498725
2025-09-04 13:48:29.173843+05:30,156.7,,4498725
2025-09-04 13:48:29.425661+05:30,156.65,,4498725
2025-09-04 13:48:29.674045+05:30,156.3,,4498725
2025-09-04 13:48:30.209420+05:30,156.6,,4498725
2025-09-04 13:48:30.478735+05:30,156.5,,4498725
2025-09-04 13:48:30.680244+05:30,156.5,,4498725
2025-09-04 13:48:31.179076+05:30,156.8,,4498725
2025-09-04 13:48:31.456073+05:30,156.55,,4498725
2025-09-04 13:48:32.162825+05:30,156.1,,4498725
2025-09-04 13:48:32.436291+05:30,156.0,,4498725
2025-09-04 13:48:33.173716+05:30,156.3,,4498725
2025-09-04 13:48:33.499324+05:30,156.3,,4498725
2025-09-04 13:48:34.173305+05:30,156.8,,4498725
2025-09-04 13:48:34.462760+05:30,156.5,,4498725
2025-09-04 13:48:35.257578+05:30,155.9,,4498725
2025-09-04 13:48:35.473428+05:30,156.35,,4498725
2025-09-04 13:48:36.214877+05:30,156.95,,4498725
2025-09-04 13:48:36.478580+05:30,157.1,,4498725
2025-09-04 13:48:37.228666+05:30,156.5,,4498725
2025-09-04 13:48:37.437145+05:30,156.8,,4498725
2025-09-04 13:48:37.924939+05:30,156.3,,4498725
2025-09-04 13:48:38.184698+05:30,157.15,,4498725
2025-09-04 13:48:38.449170+05:30,158.0,,4498725
2025-09-04 13:48:39.207213+05:30,158.3,,4498725
2025-09-04 13:48:39.431590+05:30,158.05,,4498725
2025-09-04 13:48:40.174619+05:30,157.6,,4498725
2025-09-04 13:48:40.774915+05:30,157.95,,4498725
2025-09-04 13:48:41.222685+05:30,158.05,,4498725
2025-09-04 13:48:41.467713+05:30,157.65,,4498725
2025-09-04 13:48:42.174095+05:30,157.95,,4498725
2025-09-04 13:48:42.445093+05:30,157.95,,4498725
2025-09-04 13:48:42.922985+05:30,157.75,,4498725
2025-09-04 13:48:43.170033+05:30,157.6,,4498725
2025-09-04 13:48:43.492121+05:30,157.5,,4498725
2025-09-04 13:48:44.189989+05:30,157.55,,4498725
2025-09-04 13:48:44.489436+05:30,157.95,,4498725
2025-09-04 13:48:45.161289+05:30,157.25,,4498725
2025-09-04 13:48:45.463492+05:30,157.35,,4498725
2025-09-04 13:48:46.201008+05:30,157.85,,4498725
2025-09-04 13:48:46.429038+05:30,159.05,,4498725
2025-09-04 13:48:47.233674+05:30,159.55,,4498725
2025-09-04 13:48:47.456608+05:30,159.15,,4498725
2025-09-04 13:48:47.965101+05:30,159.0,,4498725
2025-09-04 13:48:48.158773+05:30,159.05,,4498725
2025-09-04 13:48:48.423472+05:30,158.9,,4498725
2025-09-04 13:48:49.196155+05:30,159.25,,4498725
2025-09-04 13:48:49.473136+05:30,159.6,,4498725
2025-09-04 13:48:50.255167+05:30,160.6,,4498725
2025-09-04 13:48:50.747526+05:30,161.45,,4498725
2025-09-04 13:48:51.214356+05:30,161.0,,4498725
2025-09-04 13:48:51.405687+05:30,161.0,,4498725
2025-09-04 13:48:52.205118+05:30,160.6,,4498725
2025-09-04 13:48:52.693910+05:30,161.3,,4498725
2025-09-04 13:48:52.963722+05:30,161.1,,4498725
2025-09-04 13:48:53.201042+05:30,161.65,,4498725
2025-09-04 13:48:53.410817+05:30,161.75,,4498725
2025-09-04 13:48:54.168745+05:30,162.5,,4498725
2025-09-04 13:48:54.496504+05:30,162.0,,4498725
2025-09-04 13:48:55.211869+05:30,162.4,,4498725
2025-09-04 13:48:55.455029+05:30,162.35,,4498725
2025-09-04 13:48:56.212952+05:30,161.85,,4498725
2025-09-04 13:48:56.456864+05:30,161.75,,4498725
2025-09-04 13:48:57.168921+05:30,161.35,,4498725
2025-09-04 13:48:57.667623+05:30,161.5,,4498725
2025-09-04 13:48:57.955402+05:30,161.75,,4498725
2025-09-04 13:48:58.212592+05:30,161.4,,4498725
2025-09-04 13:48:58.417313+05:30,161.8,,4498725
2025-09-04 13:48:59.218670+05:30,161.55,,4498725
2025-09-04 13:48:59.447964+05:30,161.5,,4498725
2025-09-04 13:49:00.173666+05:30,161.85,,4498725
2025-09-04 13:49:00.462630+05:30,161.85,,4498725
2025-09-04 13:49:00.733849+05:30,161.85,,4498725
2025-09-04 13:49:01.173969+05:30,161.6,,4498725
2025-09-04 13:49:01.534064+05:30,162.5,,4498725
2025-09-04 13:49:02.178643+05:30,162.2,,4498725
2025-09-04 13:49:02.480739+05:30,162.25,,4498725
2025-09-04 13:49:02.782888+05:30,162.15,,4498725
2025-09-04 13:49:03.219340+05:30,161.5,,4498725
2025-09-04 13:49:03.444263+05:30,161.75,,4498725
2025-09-04 13:49:04.218832+05:30,161.55,,4498725
2025-09-04 13:49:04.495588+05:30,162.5,,4498725
2025-09-04 13:49:05.230364+05:30,161.9,,4498725
2025-09-04 13:49:05.428929+05:30,161.85,,4498725
2025-09-04 13:49:06.199800+05:30,162.15,,4498725
2025-09-04 13:49:06.432581+05:30,162.5,,4498725
2025-09-04 13:49:07.180266+05:30,161.65,,4498725
2025-09-04 13:49:07.467600+05:30,161.15,,4498725
2025-09-04 13:49:07.677872+05:30,159.9,,4498725
2025-09-04 13:49:08.248075+05:30,160.8,,4498725
2025-09-04 13:49:08.657269+05:30,160.7,,4498725
2025-09-04 13:49:09.186927+05:30,159.85,,4498725
2025-09-04 13:49:09.496600+05:30,160.0,,4498725
2025-09-04 13:49:10.206733+05:30,160.5,,4498725
2025-09-04 13:49:10.421130+05:30,160.3,,4427175
2025-09-04 13:49:11.173213+05:30,161.4,,4427175
2025-09-04 13:49:11.501103+05:30,161.65,,4427175
2025-09-04 13:49:12.193959+05:30,161.35,,4427175
2025-09-04 13:49:12.482592+05:30,161.7,,4427175
2025-09-04 13:49:12.678186+05:30,161.35,,4427175
2025-09-04 13:49:12.943283+05:30,161.05,,4427175
2025-09-04 13:49:13.199830+05:30,161.45,,4427175
2025-09-04 13:49:13.450173+05:30,160.9,,4427175
2025-09-04 13:49:14.176745+05:30,160.95,,4427175
2025-09-04 13:49:14.683387+05:30,161.05,,4427175
2025-09-04 13:49:15.212597+05:30,162.0,,4427175
2025-09-04 13:49:15.466304+05:30,161.7,,4427175
2025-09-04 13:49:16.181657+05:30,159.05,,4427175
2025-09-04 13:49:16.461372+05:30,158.85,,4427175
2025-09-04 13:49:17.231606+05:30,158.3,,4427175
2025-09-04 13:49:17.453320+05:30,158.75,,4427175
2025-09-04 13:49:17.750114+05:30,158.55,,4427175
2025-09-04 13:49:18.197303+05:30,158.65,,4427175
2025-09-04 13:49:18.444603+05:30,158.9,,4427175
2025-09-04 13:49:19.167097+05:30,158.45,,4427175
2025-09-04 13:49:19.515632+05:30,158.6,,4427175
2025-09-04 13:49:20.170311+05:30,158.4,,4427175
2025-09-04 13:49:20.462180+05:30,158.1,,4427175
2025-09-04 13:49:21.194961+05:30,158.95,,4427175
2025-09-04 13:49:21.422184+05:30,158.35,,4427175
2025-09-04 13:49:22.213904+05:30,158.25,,4427175
2025-09-04 13:49:22.445559+05:30,157.8,,4427175
2025-09-04 13:49:22.684625+05:30,157.6,,4427175
2025-09-04 13:49:22.921713+05:30,157.55,,4427175
2025-09-04 13:49:23.217289+05:30,157.4,,4427175
2025-09-04 13:49:23.655407+05:30,157.2,,4427175
2025-09-04 13:49:24.210594+05:30,157.1,,4427175
2025-09-04 13:49:24.701066+05:30,157.95,,4427175
2025-09-04 13:49:25.196725+05:30,158.3,,4427175
2025-09-04 13:49:25.417742+05:30,158.85,,4427175
2025-09-04 13:49:26.196054+05:30,159.4,,4427175
2025-09-04 13:49:26.419696+05:30,159.5,,4427175
2025-09-04 13:49:27.243078+05:30,159.25,,4427175
2025-09-04 13:49:27.470941+05:30,159.25,,4427175
2025-09-04 13:49:27.730869+05:30,159.25,,4427175
2025-09-04 13:49:27.918024+05:30,159.25,,4427175
2025-09-04 13:49:28.201607+05:30,159.05,,4427175
2025-09-04 13:49:28.461807+05:30,159.0,,4427175
2025-09-04 13:49:29.181387+05:30,159.2,,4427175
2025-09-04 13:49:29.518175+05:30,159.25,,4427175
2025-09-04 13:49:30.182426+05:30,159.3,,4427175
2025-09-04 13:49:30.433918+05:30,159.05,,4427175
2025-09-04 13:49:31.168591+05:30,159.4,,4427175
2025-09-04 13:49:31.445683+05:30,159.1,,4427175
2025-09-04 13:49:32.255759+05:30,160.0,,4427175
2025-09-04 13:49:32.439878+05:30,160.0,,4427175
2025-09-04 13:49:32.667004+05:30,160.05,,4427175
2025-09-04 13:49:32.927550+05:30,159.8,,4427175
2025-09-04 13:49:33.205533+05:30,160.0,,4427175
2025-09-04 13:49:33.487908+05:30,159.9,,4427175
2025-09-04 13:49:34.427071+05:30,160.2,,4427175
2025-09-04 13:49:34.652909+05:30,160.3,,4427175
2025-09-04 13:49:35.511702+05:30,160.5,,4427175
2025-09-04 13:49:36.162595+05:30,160.85,,4427175
2025-09-04 13:49:36.480723+05:30,160.6,,4427175
2025-09-04 13:49:37.419308+05:30,161.25,,4427175
2025-09-04 13:49:37.741756+05:30,161.2,,4427175
2025-09-04 13:49:37.912382+05:30,161.2,,4427175
2025-09-04 13:49:38.553632+05:30,161.5,,4427175
2025-09-04 13:49:39.446979+05:30,161.25,,4427175
2025-09-04 13:49:40.463240+05:30,160.45,,4427175
2025-09-04 13:49:41.179992+05:30,160.2,,4427175
2025-09-04 13:49:41.461007+05:30,160.65,,4427175
2025-09-04 13:49:42.429559+05:30,159.6,,4427175
2025-09-04 13:49:42.726218+05:30,158.2,,4427175
2025-09-04 13:49:43.456251+05:30,158.1,,4427175
2025-09-04 13:49:44.405358+05:30,158.55,,4427175
2025-09-04 13:49:45.441375+05:30,158.15,,4427175
2025-09-04 13:49:46.201853+05:30,157.5,,4427175
2025-09-04 13:49:46.530580+05:30,157.8,,4427175
2025-09-04 13:49:47.428554+05:30,157.9,,4427175
2025-09-04 13:49:47.672783+05:30,158.0,,4427175
2025-09-04 13:49:48.205734+05:30,157.65,,4427175
2025-09-04 13:49:48.448650+05:30,158.0,,4427175
2025-09-04 13:49:49.538573+05:30,158.15,,4427175
2025-09-04 13:49:50.485510+05:30,158.0,,4427175
2025-09-04 13:49:50.926705+05:30,158.0,,4427175
2025-09-04 13:49:51.168816+05:30,158.25,,4427175
2025-09-04 13:49:51.427618+05:30,158.25,,4427175
2025-09-04 13:49:52.228468+05:30,158.05,,4427175
2025-09-04 13:49:52.493197+05:30,158.1,,4427175
2025-09-04 13:49:52.728757+05:30,158.1,,4427175
2025-09-04 13:49:53.427845+05:30,158.5,,4427175
2025-09-04 13:49:54.258278+05:30,158.45,,4427175
2025-09-04 13:49:54.458765+05:30,158.45,,4427175
2025-09-04 13:49:55.223807+05:30,158.55,,4427175
2025-09-04 13:49:55.506262+05:30,158.55,,4427175
2025-09-04 13:49:55.921088+05:30,158.65,,4427175
2025-09-04 13:49:56.208777+05:30,158.7,,4427175
2025-09-04 13:49:56.493998+05:30,159.0,,4427175
2025-09-04 13:49:57.229515+05:30,158.55,,4427175
2025-09-04 13:49:57.439261+05:30,158.65,,4427175
2025-09-04 13:49:57.683919+05:30,158.45,,4427175
2025-09-04 13:49:58.463263+05:30,158.0,,4427175
2025-09-04 13:49:59.239062+05:30,157.55,,4427175
2025-09-04 13:49:59.417990+05:30,157.75,,4427175
2025-09-04 13:50:00.412031+05:30,157.9,,4427175
2025-09-04 13:50:01.222161+05:30,158.45,,4427175
2025-09-04 13:50:01.420588+05:30,157.7,,4427175
2025-09-04 13:50:02.459105+05:30,157.45,,4427175
2025-09-04 13:50:02.673876+05:30,157.15,,4427175
2025-09-04 13:50:03.440324+05:30,157.45,,4427175
2025-09-04 13:50:03.655287+05:30,157.5,,4427175
2025-09-04 13:50:04.201814+05:30,157.35,,4427175
2025-09-04 13:50:04.473948+05:30,157.1,,4427175
2025-09-04 13:50:05.184526+05:30,157.45,,4427175
2025-09-04 13:50:05.415587+05:30,157.9,,4427175
2025-09-04 13:50:05.916612+05:30,157.0,,4427175
2025-09-04 13:50:06.200742+05:30,157.3,,4427175
2025-09-04 13:50:06.472471+05:30,157.55,,4427175
2025-09-04 13:50:07.156763+05:30,157.85,,4427175
2025-09-04 13:50:07.494590+05:30,157.4,,4427175
2025-09-04 13:50:07.660809+05:30,157.0,,4427175
2025-09-04 13:50:08.432044+05:30,156.85,,4427175
2025-09-04 13:50:09.455230+05:30,157.3,,4427175
2025-09-04 13:50:10.174595+05:30,157.4,,4427175
2025-09-04 13:50:10.442227+05:30,157.4,,4427175
2025-09-04 13:50:10.914588+05:30,157.05,,4427175
2025-09-04 13:50:11.409012+05:30,157.15,,4427175
2025-09-04 13:50:11.678599+05:30,157.0,,4427175
2025-09-04 13:50:12.427886+05:30,157.8,,4427175
2025-09-04 13:50:12.677044+05:30,156.65,,4427175
2025-09-04 13:50:13.427557+05:30,156.65,,4427175
2025-09-04 13:50:14.442927+05:30,156.65,,4427175
2025-09-04 13:50:15.173812+05:30,156.3,,4427175
2025-09-04 13:50:15.433376+05:30,155.7,,4427175
2025-09-04 13:50:15.911881+05:30,155.75,,4427175
2025-09-04 13:50:16.418423+05:30,155.4,,4427175
2025-09-04 13:50:17.189913+05:30,158.15,,4427175
2025-09-04 13:50:17.422985+05:30,158.15,,4427175
2025-09-04 13:50:17.676715+05:30,158.15,,4427175
2025-09-04 13:50:18.407512+05:30,158.1,,4427175
2025-09-04 13:50:19.400062+05:30,159.05,,4427175
2025-09-04 13:50:20.161827+05:30,160.0,,4427175
2025-09-04 13:50:20.459094+05:30,159.7,,4427175
2025-09-04 13:50:20.916177+05:30,159.6,,4427175
2025-09-04 13:50:21.432518+05:30,160.25,,4427175
2025-09-04 13:50:22.462277+05:30,161.0,,4427175
2025-09-04 13:50:22.681262+05:30,160.55,,4427175
2025-09-04 13:50:23.489674+05:30,161.25,,4427175
2025-09-04 13:50:24.449072+05:30,161.75,,4427175
2025-09-04 13:50:25.485990+05:30,162.1,,4427175
2025-09-04 13:50:25.678402+05:30,163.1,,4427175
2025-09-04 13:50:25.926422+05:30,162.85,,4427175
2025-09-04 13:50:26.208763+05:30,163.95,,4427175
2025-09-04 13:50:26.423953+05:30,163.5,,4427175
2025-09-04 13:50:27.448462+05:30,163.7,,4427175
2025-09-04 13:50:27.671388+05:30,163.95,,4427175
2025-09-04 13:50:28.456514+05:30,164.15,,4427175
2025-09-04 13:50:29.460768+05:30,163.05,,4427175
2025-09-04 13:50:30.193038+05:30,162.9,,4427175
2025-09-04 13:50:30.428345+05:30,162.2,,4427175
2025-09-04 13:50:30.654745+05:30,162.7,,4427175
2025-09-04 13:50:30.920891+05:30,162.2,,4427175
2025-09-04 13:50:31.185587+05:30,162.15,,4427175
2025-09-04 13:50:31.489566+05:30,162.6,,4427175
2025-09-04 13:50:32.178056+05:30,161.85,,4427175
2025-09-04 13:50:32.446978+05:30,162.05,,4427175
2025-09-04 13:50:32.706388+05:30,161.55,,4427175
2025-09-04 13:50:33.172593+05:30,161.75,,4427175
2025-09-04 13:50:33.427497+05:30,161.3,,4427175
2025-09-04 13:50:34.504274+05:30,161.85,,4427175
2025-09-04 13:50:35.461053+05:30,162.05,,4427175
2025-09-04 13:50:35.921557+05:30,161.15,,4427175
2025-09-04 13:50:36.499940+05:30,161.95,,4427175
2025-09-04 13:50:37.193272+05:30,161.65,,4427175
2025-09-04 13:50:37.477681+05:30,162.4,,4427175
2025-09-04 13:50:37.686219+05:30,162.1,,4427175
2025-09-04 13:50:38.174711+05:30,161.95,,4427175
2025-09-04 13:50:38.413191+05:30,162.0,,4427175
2025-09-04 13:50:39.421981+05:30,160.65,,4427175
2025-09-04 13:50:40.483963+05:30,159.95,,4427175
2025-09-04 13:50:40.927513+05:30,160.0,,4427175
2025-09-04 13:50:41.154847+05:30,159.5,,4427175
2025-09-04 13:50:41.498999+05:30,159.75,,4427175
2025-09-04 13:50:42.510963+05:30,159.3,,4427175
2025-09-04 13:50:42.712768+05:30,159.0,,4427175
2025-09-04 13:50:42.923098+05:30,159.3,,4427175
2025-09-04 13:50:43.155915+05:30,158.8,,4427175
2025-09-04 13:50:43.698949+05:30,158.6,,4427175
2025-09-04 13:50:44.180260+05:30,158.35,,4427175
2025-09-04 13:50:44.456630+05:30,158.0,,4427175
2025-09-04 13:50:45.173486+05:30,158.4,,4427175
2025-09-04 13:50:45.422235+05:30,158.0,,4427175
2025-09-04 13:50:45.925900+05:30,158.6,,4427175
2025-09-04 13:50:46.177552+05:30,158.75,,4427175
2025-09-04 13:50:46.431871+05:30,158.85,,4427175
2025-09-04 13:50:47.199918+05:30,158.65,,4427175
2025-09-04 13:50:47.401603+05:30,158.3,,4427175
2025-09-04 13:50:47.925515+05:30,158.25,,4427175
2025-09-04 13:50:48.405595+05:30,157.65,,4427175
2025-09-04 13:50:49.420130+05:30,156.85,,4427175
2025-09-04 13:50:50.177652+05:30,157.35,,4427175
2025-09-04 13:50:50.503607+05:30,157.5,,4427175
2025-09-04 13:50:50.929699+05:30,157.85,,4427175
2025-09-04 13:50:51.205908+05:30,157.5,,4427175
2025-09-04 13:50:51.411102+05:30,157.9,,4427175
2025-09-04 13:50:52.205875+05:30,157.95,,4427175
2025-09-04 13:50:52.527404+05:30,157.7,,4427175
2025-09-04 13:50:53.160402+05:30,157.8,,4427175
2025-09-04 13:50:53.471840+05:30,157.55,,4427175
2025-09-04 13:50:54.156250+05:30,157.0,,4427175
2025-09-04 13:50:54.427427+05:30,157.0,,4427175
2025-09-04 13:50:55.450079+05:30,157.45,,4427175
2025-09-04 13:50:55.678211+05:30,157.7,,4427175
2025-09-04 13:50:56.194104+05:30,157.9,,4427175
2025-09-04 13:50:56.469556+05:30,157.55,,4427175
2025-09-04 13:50:57.497259+05:30,157.35,,4427175
2025-09-04 13:50:57.774319+05:30,156.95,,4427175
2025-09-04 13:50:58.450557+05:30,157.75,,4427175
2025-09-04 13:50:59.006805+05:30,158.0,,4427175
2025-09-04 13:50:59.494331+05:30,158.15,,4427175
2025-09-04 13:51:00.452076+05:30,157.25,,4427175
2025-09-04 13:51:00.693113+05:30,157.0,,4427175
2025-09-04 13:51:01.219412+05:30,155.85,,4427175
2025-09-04 13:51:01.434218+05:30,155.8,,4427175
2025-09-04 13:51:02.249437+05:30,156.45,,4427175
2025-09-04 13:51:02.693715+05:30,156.5,,4427175
2025-09-04 13:51:03.156299+05:30,156.1,,4427175
2025-09-04 13:51:03.480648+05:30,156.3,,4427175
2025-09-04 13:51:03.932835+05:30,155.95,,4427175
2025-09-04 13:51:04.448571+05:30,155.45,,4427175
2025-09-04 13:51:05.192185+05:30,155.75,,4427175
2025-09-04 13:51:05.438738+05:30,155.7,,4427175
2025-09-04 13:51:05.754425+05:30,155.7,,4427175
2025-09-04 13:51:06.215354+05:30,155.95,,4427175
2025-09-04 13:51:06.450381+05:30,155.6,,4427175
2025-09-04 13:51:06.684599+05:30,155.25,,4427175
2025-09-04 13:51:07.537268+05:30,154.85,,4427175
2025-09-04 13:51:07.681811+05:30,154.5,,4427175
2025-09-04 13:51:08.470151+05:30,153.95,,4427175
2025-09-04 13:51:08.958865+05:30,153.75,,4427175
2025-09-04 13:51:09.181602+05:30,153.85,,4427175
2025-09-04 13:51:09.520437+05:30,154.6,,4427175
2025-09-04 13:51:10.156504+05:30,154.5,,4427175
2025-09-04 13:51:10.669673+05:30,154.2,,4427175
2025-09-04 13:51:11.206675+05:30,154.45,,4427175
2025-09-04 13:51:11.459034+05:30,154.5,,4427175
2025-09-04 13:51:12.172774+05:30,153.9,,4427175
2025-09-04 13:51:12.498674+05:30,154.1,,4427175
2025-09-04 13:51:13.474077+05:30,155.25,,4427175
2025-09-04 13:51:13.942805+05:30,155.25,,4427175
2025-09-04 13:51:14.500753+05:30,155.45,,4427175
2025-09-04 13:51:14.649233+05:30,155.55,,4427175
2025-09-04 13:51:15.495153+05:30,155.7,,4427175
2025-09-04 13:51:15.679191+05:30,155.9,,4427175
2025-09-04 13:51:16.207540+05:30,155.5,,4427175
2025-09-04 13:51:16.464008+05:30,155.55,,4427175
2025-09-04 13:51:16.666166+05:30,155.85,,4427175
2025-09-04 13:51:17.426891+05:30,155.75,,4427175
2025-09-04 13:51:17.700130+05:30,155.35,,4427175
2025-09-04 13:51:18.527640+05:30,155.8,,4427175
2025-09-04 13:51:18.920613+05:30,155.75,,4427175
2025-09-04 13:51:19.177314+05:30,155.95,,4427175
2025-09-04 13:51:19.685733+05:30,155.65,,4427175
2025-09-04 13:51:20.415027+05:30,154.55,,4427175
2025-09-04 13:51:20.904358+05:30,154.0,,4427175
2025-09-04 13:51:21.187996+05:30,154.3,,4427175
2025-09-04 13:51:21.735058+05:30,154.45,,4427175
2025-09-04 13:51:22.445045+05:30,154.0,,4427175
2025-09-04 13:51:23.418782+05:30,154.15,,4427175
2025-09-04 13:51:23.922768+05:30,153.2,,4427175
2025-09-04 13:51:24.433157+05:30,153.1,,4427175
2025-09-04 13:51:25.149090+05:30,152.6,,4427175
2025-09-04 13:51:25.511009+05:30,152.75,,4427175
2025-09-04 13:51:25.907040+05:30,152.7,,4427175
2025-09-04 13:51:26.446039+05:30,153.1,,4427175
2025-09-04 13:51:27.226563+05:30,152.7,,4427175
2025-09-04 13:51:27.490537+05:30,152.8,,4427175
2025-09-04 13:51:28.193711+05:30,152.85,,4427175
2025-09-04 13:51:28.688551+05:30,153.1,,4427175
2025-09-04 13:51:28.958134+05:30,153.7,,4427175
2025-09-04 13:51:29.542102+05:30,153.8,,4427175
2025-09-04 13:51:30.417697+05:30,154.2,,4427175
2025-09-04 13:51:30.670683+05:30,154.2,,4427175
2025-09-04 13:51:30.900790+05:30,154.05,,4427175
2025-09-04 13:51:31.195275+05:30,154.55,,4427175
2025-09-04 13:51:31.482635+05:30,154.2,,4427175
2025-09-04 13:51:32.225834+05:30,154.95,,4427175
2025-09-04 13:51:32.461279+05:30,154.65,,4427175
2025-09-04 13:51:33.231017+05:30,154.8,,4427175
2025-09-04 13:51:33.448733+05:30,154.4,,4427175
2025-09-04 13:51:33.980801+05:30,154.5,,4427175
2025-09-04 13:51:34.421170+05:30,154.75,,4427175
2025-09-04 13:51:34.669362+05:30,154.65,,4427175
2025-09-04 13:51:35.527801+05:30,155.05,,4427175
2025-09-04 13:51:35.911313+05:30,154.9,,4427175
2025-09-04 13:51:36.417737+05:30,154.75,,4427175
2025-09-04 13:51:37.150711+05:30,154.85,,4427175
2025-09-04 13:51:37.483062+05:30,155.6,,4427175
2025-09-04 13:51:38.155154+05:30,155.65,,4427175
2025-09-04 13:51:38.469491+05:30,155.7,,4427175
2025-09-04 13:51:38.916597+05:30,155.65,,4427175
2025-09-04 13:51:39.218335+05:30,155.1,,4427175
2025-09-04 13:51:39.406290+05:30,155.35,,4427175
2025-09-04 13:51:40.455779+05:30,155.8,,4427175
2025-09-04 13:51:40.920374+05:30,155.65,,4427175
2025-09-04 13:51:41.502841+05:30,155.4,,4427175
2025-09-04 13:51:42.161322+05:30,154.9,,4427175
2025-09-04 13:51:42.707191+05:30,155.45,,4427175
2025-09-04 13:51:43.465280+05:30,154.85,,4427175
2025-09-04 13:51:43.980060+05:30,154.55,,4427175
2025-09-04 13:51:44.438764+05:30,154.7,,4427175
2025-09-04 13:51:45.426954+05:30,155.05,,4427175
2025-09-04 13:51:45.920166+05:30,155.15,,4427175
2025-09-04 13:51:46.487041+05:30,155.65,,4427175
2025-09-04 13:51:47.155427+05:30,155.75,,4427175
2025-09-04 13:51:47.435096+05:30,155.7,,4427175
2025-09-04 13:51:48.154356+05:30,155.55,,4427175
2025-09-04 13:51:48.491764+05:30,155.2,,4427175
2025-09-04 13:51:48.931851+05:30,155.8,,4427175
2025-09-04 13:51:49.189696+05:30,155.95,,4427175
2025-09-04 13:51:49.670744+05:30,156.05,,4427175
2025-09-04 13:51:50.443168+05:30,156.25,,4427175
2025-09-04 13:51:50.925906+05:30,155.95,,4427175
2025-09-04 13:51:51.154650+05:30,155.5,,4427175
2025-09-04 13:51:51.492573+05:30,155.3,,4427175
2025-09-04 13:51:52.227731+05:30,155.2,,4427175
2025-09-04 13:51:52.430679+05:30,155.35,,4427175
2025-09-04 13:51:52.649104+05:30,154.75,,4427175
2025-09-04 13:51:53.418340+05:30,154.75,,4427175
2025-09-04 13:51:53.680732+05:30,154.7,,4427175
2025-09-04 13:51:54.185195+05:30,153.4,,4427175
2025-09-04 13:51:54.431967+05:30,152.1,,4427175
2025-09-04 13:51:55.154429+05:30,152.75,,4427175
2025-09-04 13:51:55.504774+05:30,152.6,,4427175
2025-09-04 13:51:55.926187+05:30,153.0,,4427175
2025-09-04 13:51:56.421883+05:30,153.15,,4427175
2025-09-04 13:51:57.176818+05:30,153.45,,4427175
2025-09-04 13:51:57.448600+05:30,153.6,,4427175
2025-09-04 13:51:58.226163+05:30,153.4,,4427175
2025-09-04 13:51:58.464275+05:30,153.4,,4427175
2025-09-04 13:51:58.698339+05:30,153.3,,4427175
2025-09-04 13:51:59.265306+05:30,153.3,,4427175
2025-09-04 13:51:59.406782+05:30,152.9,,4427175
2025-09-04 13:51:59.735852+05:30,152.75,,4427175
2025-09-04 13:52:00.156307+05:30,152.25,,4427175
2025-09-04 13:52:00.769771+05:30,152.2,,4427175
2025-09-04 13:52:00.931999+05:30,152.3,,4427175
2025-09-04 13:52:01.149919+05:30,151.9,,4427175
2025-09-04 13:52:01.470804+05:30,151.8,,4427175
2025-09-04 13:52:02.443176+05:30,151.8,,4427175
2025-09-04 13:52:03.169523+05:30,151.45,,4427175
2025-09-04 13:52:03.430231+05:30,151.45,,4427175
2025-09-04 13:52:03.937956+05:30,151.25,,4427175
2025-09-04 13:52:04.200525+05:30,151.75,,4427175
2025-09-04 13:52:04.548979+05:30,151.45,,4427175
2025-09-04 13:52:05.454785+05:30,150.6,,4427175
2025-09-04 13:52:05.925067+05:30,150.3,,4427175
2025-09-04 13:52:06.465797+05:30,149.6,,4427175
2025-09-04 13:52:07.484903+05:30,150.2,,4427175
2025-09-04 13:52:08.464589+05:30,149.1,,4427175
2025-09-04 13:52:08.922039+05:30,148.85,,4427175
2025-09-04 13:52:09.178992+05:30,148.55,,4427175
2025-09-04 13:52:09.399851+05:30,148.45,,4427175
2025-09-04 13:52:09.676800+05:30,148.0,,4427175
2025-09-04 13:52:10.175367+05:30,148.55,,4427175
2025-09-04 13:52:10.442862+05:30,148.35,,4427175
2025-09-04 13:52:10.936183+05:30,148.15,,4427175
2025-09-04 13:52:11.198051+05:30,148.55,,4208475
2025-09-04 13:52:11.692765+05:30,148.55,,4208475
2025-09-04 13:52:12.222432+05:30,149.15,,4208475
2025-09-04 13:52:12.711438+05:30,149.7,,4208475
2025-09-04 13:52:13.463759+05:30,149.9,,4208475
2025-09-04 13:52:13.738189+05:30,149.7,,4208475
2025-09-04 13:52:13.908785+05:30,149.6,,4208475
2025-09-04 13:52:14.468501+05:30,149.6,,4208475
2025-09-04 13:52:15.501764+05:30,149.85,,4208475
2025-09-04 13:52:15.727809+05:30,149.35,,4208475
2025-09-04 13:52:16.171584+05:30,148.65,,4208475
2025-09-04 13:52:16.673245+05:30,149.15,,4208475
2025-09-04 13:52:17.243960+05:30,149.95,,4208475
2025-09-04 13:52:17.403737+05:30,149.6,,4208475
2025-09-04 13:52:17.688007+05:30,149.75,,4208475
2025-09-04 13:52:18.495711+05:30,148.95,,4208475
2025-09-04 13:52:18.671649+05:30,149.5,,4208475
2025-09-04 13:52:19.248027+05:30,149.8,,4208475
2025-09-04 13:52:19.682557+05:30,150.2,,4208475
2025-09-04 13:52:20.153723+05:30,150.2,,4208475
2025-09-04 13:52:20.445627+05:30,150.15,,4208475
2025-09-04 13:52:20.675359+05:30,150.05,,4208475
2025-09-04 13:52:21.154706+05:30,148.4,,4208475
2025-09-04 13:52:21.688130+05:30,147.9,,4208475
2025-09-04 13:52:22.160670+05:30,147.7,,4208475
2025-09-04 13:52:22.670626+05:30,147.6,,4208475
2025-09-04 13:52:23.421839+05:30,146.3,,4208475
2025-09-04 13:52:23.724359+05:30,145.75,,4208475
2025-09-04 13:52:24.225432+05:30,145.9,,4208475
2025-09-04 13:52:24.447334+05:30,146.3,,4208475
2025-09-04 13:52:24.676029+05:30,146.0,,4208475
2025-09-04 13:52:25.451791+05:30,147.15,,4208475
2025-09-04 13:52:25.722275+05:30,147.4,,4208475
2025-09-04 13:52:26.171176+05:30,147.05,,4208475
2025-09-04 13:52:26.687558+05:30,146.6,,4208475
2025-09-04 13:52:27.166228+05:30,146.75,,4208475
2025-09-04 13:52:27.420914+05:30,146.9,,4208475
2025-09-04 13:52:27.735984+05:30,147.15,,4208475
2025-09-04 13:52:28.188811+05:30,146.8,,4208475
2025-09-04 13:52:28.687198+05:30,146.65,,4208475
2025-09-04 13:52:29.219869+05:30,147.15,,4208475
2025-09-04 13:52:29.706179+05:30,146.7,,4208475
2025-09-04 13:52:30.404841+05:30,147.65,,4208475
2025-09-04 13:52:30.667729+05:30,147.65,,4208475
2025-09-04 13:52:31.425073+05:30,147.65,,4208475
2025-09-04 13:52:31.709841+05:30,147.65,,4208475
2025-09-04 13:52:32.170292+05:30,146.85,,4208475
2025-09-04 13:52:32.696773+05:30,146.75,,4208475
2025-09-04 13:52:33.173588+05:30,146.2,,4208475
2025-09-04 13:52:33.751121+05:30,145.4,,4208475
2025-09-04 13:52:34.237271+05:30,146.1,,4208475
2025-09-04 13:52:34.702959+05:30,147.2,,4208475
2025-09-04 13:52:35.189288+05:30,146.7,,4208475
2025-09-04 13:52:35.439809+05:30,146.7,,4208475
2025-09-04 13:52:35.709835+05:30,146.9,,4208475
2025-09-04 13:52:36.186897+05:30,146.3,,4208475
2025-09-04 13:52:36.788285+05:30,146.1,,4208475
2025-09-04 13:52:37.219624+05:30,145.65,,4208475
2025-09-04 13:52:37.461320+05:30,145.35,,4208475
2025-09-04 13:52:37.677757+05:30,145.75,,4208475
2025-09-04 13:52:38.178504+05:30,145.8,,4208475
2025-09-04 13:52:38.672300+05:30,145.35,,4208475
2025-09-04 13:52:38.921687+05:30,146.0,,4208475
2025-09-04 13:52:39.200254+05:30,146.1,,4208475
2025-09-04 13:52:39.429539+05:30,146.1,,4208475
2025-09-04 13:52:39.659698+05:30,146.45,,4208475
2025-09-04 13:52:40.176547+05:30,147.05,,4208475
2025-09-04 13:52:40.465108+05:30,147.3,,4208475
2025-09-04 13:52:40.650024+05:30,147.1,,4208475
2025-09-04 13:52:41.464154+05:30,147.15,,4208475
2025-09-04 13:52:41.675838+05:30,147.2,,4208475
2025-09-04 13:52:42.257898+05:30,147.05,,4208475
2025-09-04 13:52:42.422993+05:30,146.6,,4208475
2025-09-04 13:52:42.648857+05:30,147.05,,4208475
2025-09-04 13:52:43.414684+05:30,147.25,,4208475
2025-09-04 13:52:43.792111+05:30,146.85,,4208475
2025-09-04 13:52:44.195875+05:30,147.0,,4208475
2025-09-04 13:52:44.681601+05:30,147.25,,4208475
2025-09-04 13:52:45.154612+05:30,147.75,,4208475
2025-09-04 13:52:45.449521+05:30,147.7,,4208475
2025-09-04 13:52:45.669596+05:30,147.55,,4208475
2025-09-04 13:52:46.204705+05:30,147.25,,4208475
2025-09-04 13:52:46.703977+05:30,147.3,,4208475
2025-09-04 13:52:47.176281+05:30,149.0,,4208475
2025-09-04 13:52:47.466720+05:30,148.9,,4208475
2025-09-04 13:52:47.703555+05:30,148.95,,4208475
2025-09-04 13:52:48.465199+05:30,149.15,,4208475
2025-09-04 13:52:48.772776+05:30,148.85,,4208475
2025-09-04 13:52:48.919600+05:30,148.7,,4208475
2025-09-04 13:52:49.211204+05:30,148.15,,4208475
2025-09-04 13:52:49.679554+05:30,148.25,,4208475
2025-09-04 13:52:50.422736+05:30,148.25,,4208475
2025-09-04 13:52:50.708542+05:30,148.6,,4208475
2025-09-04 13:52:51.154802+05:30,148.85,,4208475
2025-09-04 13:52:51.679593+05:30,148.4,,4208475
2025-09-04 13:52:52.176478+05:30,148.85,,4208475
2025-09-04 13:52:52.431416+05:30,148.85,,4208475
2025-09-04 13:52:52.686638+05:30,148.6,,4208475
2025-09-04 13:52:53.171087+05:30,149.95,,4208475
2025-09-04 13:52:53.686171+05:30,150.0,,4208475
2025-09-04 13:52:53.963793+05:30,150.5,,4208475
2025-09-04 13:52:54.437842+05:30,150.45,,4208475
2025-09-04 13:52:54.711515+05:30,150.1,,4208475
2025-09-04 13:52:55.426114+05:30,150.2,,4208475
2025-09-04 13:52:55.907811+05:30,149.9,,4208475
2025-09-04 13:52:56.500904+05:30,149.95,,4208475
2025-09-04 13:52:56.772264+05:30,150.0,,4208475
2025-09-04 13:52:57.160895+05:30,150.2,,4208475
2025-09-04 13:52:57.467678+05:30,151.45,,4208475
2025-09-04 13:52:58.469554+05:30,151.05,,4208475
2025-09-04 13:52:58.670032+05:30,151.0,,4208475
2025-09-04 13:52:58.901889+05:30,150.5,,4208475
2025-09-04 13:52:59.432876+05:30,150.65,,4208475
2025-09-04 13:52:59.648936+05:30,150.65,,4208475
2025-09-04 13:53:00.154653+05:30,150.8,,4208475
2025-09-04 13:53:00.450174+05:30,150.5,,4208475
2025-09-04 13:53:00.676057+05:30,150.45,,4208475
2025-09-04 13:53:01.500209+05:30,150.7,,4208475
2025-09-04 13:53:01.728253+05:30,150.65,,4208475
2025-09-04 13:53:02.272371+05:30,150.6,,4208475
2025-09-04 13:53:02.439588+05:30,150.7,,4208475
2025-09-04 13:53:03.405638+05:30,150.45,,4208475
2025-09-04 13:53:03.789391+05:30,151.3,,4208475
2025-09-04 13:53:03.924866+05:30,151.8,,4208475
2025-09-04 13:53:04.181700+05:30,151.75,,4208475
2025-09-04 13:53:04.664699+05:30,151.75,,4208475
2025-09-04 13:53:05.547027+05:30,151.75,,4208475
2025-09-04 13:53:05.710233+05:30,151.8,,4208475
2025-09-04 13:53:06.473806+05:30,151.2,,4208475
2025-09-04 13:53:06.681071+05:30,151.25,,4208475
2025-09-04 13:53:07.161848+05:30,150.85,,4208475
2025-09-04 13:53:07.465496+05:30,151.4,,4208475
2025-09-04 13:53:08.224916+05:30,151.35,,4208475
2025-09-04 13:53:08.666861+05:30,151.1,,4208475
2025-09-04 13:53:08.941415+05:30,150.95,,4208475
2025-09-04 13:53:09.193746+05:30,151.1,,4208475
2025-09-04 13:53:09.707622+05:30,150.95,,4208475
2025-09-04 13:53:10.427217+05:30,151.85,,4208475
2025-09-04 13:53:10.753360+05:30,151.3,,4208475
2025-09-04 13:53:11.459242+05:30,151.4,,4208475
2025-09-04 13:53:11.727795+05:30,151.6,,4208475
2025-09-04 13:53:12.203891+05:30,151.75,,4208475
2025-09-04 13:53:12.714993+05:30,151.6,,4208475
2025-09-04 13:53:13.192408+05:30,151.45,,4208475
2025-09-04 13:53:13.720016+05:30,150.85,,4208475
2025-09-04 13:53:13.925721+05:30,150.45,,4208475
2025-09-04 13:53:14.160499+05:30,149.5,,4208475
2025-09-04 13:53:14.682395+05:30,149.0,,4208475
2025-09-04 13:53:15.212471+05:30,149.15,,4208475
2025-09-04 13:53:15.405969+05:30,149.15,,4208475
2025-09-04 13:53:15.723567+05:30,149.0,,4208475
2025-09-04 13:53:16.490049+05:30,148.35,,4208475
2025-09-04 13:53:16.692806+05:30,148.6,,4208475
2025-09-04 13:53:17.181609+05:30,148.8,,4208475
2025-09-04 13:53:17.462699+05:30,148.6,,4208475
2025-09-04 13:53:17.669614+05:30,148.85,,4208475
2025-09-04 13:53:18.438115+05:30,148.9,,4208475
2025-09-04 13:53:18.792996+05:30,148.95,,4208475
2025-09-04 13:53:18.953121+05:30,148.9,,4208475
2025-09-04 13:53:19.188862+05:30,148.65,,4208475
2025-09-04 13:53:19.744954+05:30,148.9,,4208475
2025-09-04 13:53:20.154213+05:30,148.55,,4208475
2025-09-04 13:53:20.507587+05:30,148.55,,4208475
2025-09-04 13:53:20.708995+05:30,148.25,,4208475
2025-09-04 13:53:21.205136+05:30,147.95,,4208475
2025-09-04 13:53:21.662170+05:30,147.45,,4208475
2025-09-04 13:53:22.176269+05:30,147.7,,4208475
2025-09-04 13:53:22.448938+05:30,147.8,,4208475
2025-09-04 13:53:22.723630+05:30,147.8,,4208475
2025-09-04 13:53:23.226008+05:30,147.2,,4208475
2025-09-04 13:53:23.683917+05:30,147.15,,4208475
2025-09-04 13:53:23.907866+05:30,147.4,,4208475
2025-09-04 13:53:24.193591+05:30,147.2,,4208475
2025-09-04 13:53:24.698033+05:30,146.8,,4208475
2025-09-04 13:53:25.159918+05:30,146.55,,4208475
2025-09-04 13:53:25.450717+05:30,146.45,,4208475
2025-09-04 13:53:25.746587+05:30,145.5,,4208475
2025-09-04 13:53:26.154992+05:30,145.2,,4208475
2025-09-04 13:53:26.665716+05:30,145.25,,4208475
2025-09-04 13:53:27.176365+05:30,145.7,,4208475
2025-09-04 13:53:27.400110+05:30,145.4,,4208475
2025-09-04 13:53:27.697377+05:30,145.3,,4208475
2025-09-04 13:53:28.203380+05:30,144.95,,4208475
2025-09-04 13:53:28.723626+05:30,145.2,,4208475
2025-09-04 13:53:28.977692+05:30,145.35,,4208475
2025-09-04 13:53:29.171346+05:30,145.95,,4208475
2025-09-04 13:53:29.665758+05:30,145.95,,4208475
2025-09-04 13:53:30.454319+05:30,145.45,,4208475
2025-09-04 13:53:30.693582+05:30,145.7,,4208475
2025-09-04 13:53:31.154883+05:30,146.2,,4208475
2025-09-04 13:53:31.903165+05:30,146.6,,4208475
2025-09-04 13:53:32.170978+05:30,146.25,,4208475
2025-09-04 13:53:32.529352+05:30,146.1,,4208475
2025-09-04 13:53:32.697104+05:30,146.4,,4208475
2025-09-04 13:53:33.506682+05:30,146.75,,4208475
2025-09-04 13:53:33.690492+05:30,147.1,,4208475
2025-09-04 13:53:33.930619+05:30,147.45,,4208475
2025-09-04 13:53:34.200289+05:30,147.0,,4208475
2025-09-04 13:53:34.426056+05:30,147.3,,4208475
2025-09-04 13:53:34.700422+05:30,147.65,,4208475
2025-09-04 13:53:35.180337+05:30,147.75,,4208475
2025-09-04 13:53:35.438477+05:30,147.9,,4208475
2025-09-04 13:53:35.690693+05:30,148.35,,4208475
2025-09-04 13:53:35.936724+05:30,148.45,,4208475
2025-09-04 13:53:36.506465+05:30,148.7,,4208475
2025-09-04 13:53:36.814571+05:30,148.65,,4208475
2025-09-04 13:53:37.158789+05:30,149.0,,4208475
2025-09-04 13:53:37.432963+05:30,148.75,,4208475
2025-09-04 13:53:37.674098+05:30,148.7,,4208475
2025-09-04 13:53:38.150012+05:30,148.05,,4208475
2025-09-04 13:53:38.697087+05:30,147.95,,4208475
2025-09-04 13:53:38.915515+05:30,148.5,,4208475
2025-09-04 13:53:39.486644+05:30,148.95,,4208475
2025-09-04 13:53:39.713096+05:30,148.75,,4208475
2025-09-04 13:53:40.165184+05:30,148.5,,4208475
2025-09-04 13:53:40.434225+05:30,149.0,,4208475
2025-09-04 13:53:40.685546+05:30,149.45,,4208475
2025-09-04 13:53:41.517311+05:30,149.4,,4208475
2025-09-04 13:53:41.734907+05:30,149.2,,4208475
2025-09-04 13:53:42.225426+05:30,148.95,,4208475
2025-09-04 13:53:42.481967+05:30,148.95,,4208475
2025-09-04 13:53:43.446774+05:30,149.1,,4208475
2025-09-04 13:53:43.707111+05:30,149.1,,4208475
2025-09-04 13:53:43.920620+05:30,149.2,,4208475
2025-09-04 13:53:44.451628+05:30,149.15,,4208475
2025-09-04 13:53:44.677698+05:30,150.1,,4208475
2025-09-04 13:53:45.416987+05:30,149.65,,4208475
2025-09-04 13:53:45.935233+05:30,149.25,,4208475
2025-09-04 13:53:46.424593+05:30,149.2,,4208475
2025-09-04 13:53:46.693946+05:30,149.6,,4208475
2025-09-04 13:53:47.239336+05:30,149.3,,4208475
2025-09-04 13:53:47.452217+05:30,149.35,,4208475
2025-09-04 13:53:47.702490+05:30,149.45,,4208475
2025-09-04 13:53:48.436723+05:30,150.05,,4208475
2025-09-04 13:53:48.735120+05:30,150.4,,4208475
2025-09-04 13:53:48.920011+05:30,150.2,,4208475
2025-09-04 13:53:49.212233+05:30,149.9,,4208475
2025-09-04 13:53:49.675703+05:30,150.0,,4208475
2025-09-04 13:53:50.458285+05:30,149.9,,4208475
2025-09-04 13:53:50.672169+05:30,149.9,,4208475
2025-09-04 13:53:50.936192+05:30,149.9,,4208475
2025-09-04 13:53:51.404315+05:30,149.9,,4208475
2025-09-04 13:53:51.683136+05:30,149.9,,4208475
2025-09-04 13:53:52.166573+05:30,149.7,,4208475
2025-09-04 13:53:52.449882+05:30,149.7,,4208475
2025-09-04 13:53:52.648814+05:30,149.6,,4208475
2025-09-04 13:53:53.404288+05:30,149.6,,4208475
2025-09-04 13:53:53.779796+05:30,148.95,,4208475
2025-09-04 13:53:54.220730+05:30,149.0,,4208475
2025-09-04 13:53:54.464675+05:30,149.0,,4208475
2025-09-04 13:53:54.687607+05:30,148.65,,4208475
2025-09-04 13:53:55.448568+05:30,148.4,,4208475
2025-09-04 13:53:55.698092+05:30,148.4,,4208475
2025-09-04 13:53:56.426846+05:30,148.5,,4208475
2025-09-04 13:53:56.659556+05:30,148.45,,4208475
2025-09-04 13:53:57.191946+05:30,148.25,,4208475
2025-09-04 13:53:57.672723+05:30,148.6,,4208475
2025-09-04 13:53:58.237103+05:30,147.75,,4208475
2025-09-04 13:53:58.701808+05:30,147.7,,4208475
2025-09-04 13:53:59.229189+05:30,147.7,,4208475
2025-09-04 13:53:59.701732+05:30,148.05,,4208475
2025-09-04 13:54:00.147524+05:30,147.85,,4208475
2025-09-04 13:54:00.459421+05:30,148.1,,4208475
2025-09-04 13:54:00.792199+05:30,148.1,,4208475
2025-09-04 13:54:01.154585+05:30,148.0,,4208475
2025-09-04 13:54:01.737702+05:30,148.0,,4208475
2025-09-04 13:54:02.214831+05:30,148.15,,4208475
2025-09-04 13:54:02.685943+05:30,148.1,,4208475
2025-09-04 13:54:03.159983+05:30,148.15,,4208475
2025-09-04 13:54:03.669278+05:30,148.25,,4208475
2025-09-04 13:54:03.902811+05:30,148.0,,4208475
2025-09-04 13:54:04.451546+05:30,147.65,,4208475
2025-09-04 13:54:04.684307+05:30,147.0,,4208475
2025-09-04 13:54:05.201752+05:30,147.2,,4208475
2025-09-04 13:54:05.471281+05:30,147.1,,4208475
2025-09-04 13:54:05.675397+05:30,147.1,,4208475
2025-09-04 13:54:06.153813+05:30,147.95,,4208475
2025-09-04 13:54:06.723431+05:30,147.6,,4208475
2025-09-04 13:54:07.441085+05:30,147.85,,4208475
2025-09-04 13:54:07.697568+05:30,147.7,,4208475
2025-09-04 13:54:08.402673+05:30,148.0,,4208475
2025-09-04 13:54:08.751929+05:30,147.9,,4208475
2025-09-04 13:54:09.174894+05:30,147.65,,4208475
2025-09-04 13:54:09.669022+05:30,147.65,,4208475
2025-09-04 13:54:10.437577+05:30,147.6,,4208475
2025-09-04 13:54:10.713430+05:30,147.2,,4208475
2025-09-04 13:54:11.189629+05:30,147.9,,4208475
2025-09-04 13:54:11.692437+05:30,148.45,,4208475
2025-09-04 13:54:12.175334+05:30,147.6,,4208475
2025-09-04 13:54:12.703594+05:30,147.4,,4208475
2025-09-04 13:54:13.403858+05:30,147.8,,4208475
2025-09-04 13:54:13.657078+05:30,147.3,,4208475
2025-09-04 13:54:14.213424+05:30,147.7,,4208475
2025-09-04 13:54:14.671659+05:30,147.85,,4208475
2025-09-04 13:54:15.442222+05:30,147.3,,4208475
2025-09-04 13:54:15.697743+05:30,147.6,,4208475
2025-09-04 13:54:16.153882+05:30,147.4,,4208475
2025-09-04 13:54:16.676988+05:30,147.3,,4208475
2025-09-04 13:54:17.229947+05:30,146.5,,4208475
2025-09-04 13:54:17.722416+05:30,146.6,,4208475
2025-09-04 13:54:18.424691+05:30,147.0,,4208475
2025-09-04 13:54:18.669102+05:30,146.6,,4208475
2025-09-04 13:54:19.159788+05:30,146.55,,4208475
2025-09-04 13:54:19.720379+05:30,146.85,,4208475
2025-09-04 13:54:20.153583+05:30,146.45,,4208475
2025-09-04 13:54:20.706716+05:30,146.5,,4208475
2025-09-04 13:54:21.203627+05:30,147.55,,4208475
2025-09-04 13:54:21.702098+05:30,148.05,,4208475
2025-09-04 13:54:22.403666+05:30,146.85,,4208475
2025-09-04 13:54:22.653948+05:30,146.8,,4208475
2025-09-04 13:54:23.447876+05:30,146.5,,4208475
2025-09-04 13:54:23.688524+05:30,146.55,,4208475
2025-09-04 13:54:23.897550+05:30,146.5,,4208475
2025-09-04 13:54:24.156763+05:30,146.85,,4208475
2025-09-04 13:54:24.488077+05:30,146.7,,4208475
2025-09-04 13:54:24.725395+05:30,146.05,,4208475
2025-09-04 13:54:25.161548+05:30,146.05,,4208475
2025-09-04 13:54:25.456000+05:30,146.05,,4208475
2025-09-04 13:54:25.672113+05:30,146.15,,4208475
2025-09-04 13:54:26.491275+05:30,146.05,,4208475
2025-09-04 13:54:26.688504+05:30,146.25,,4208475
2025-09-04 13:54:27.451924+05:30,145.9,,4208475
2025-09-04 13:54:27.724252+05:30,146.4,,4208475
2025-09-04 13:54:28.431688+05:30,146.5,,4208475
2025-09-04 13:54:28.680836+05:30,146.25,,4208475
2025-09-04 13:54:29.175206+05:30,146.5,,4208475
2025-09-04 13:54:29.420743+05:30,146.3,,4208475
2025-09-04 13:54:29.707336+05:30,146.3,,4208475
2025-09-04 13:54:30.153685+05:30,146.2,,4208475
2025-09-04 13:54:30.756984+05:30,146.55,,4208475
2025-09-04 13:54:31.209344+05:30,146.7,,4208475
2025-09-04 13:54:31.707102+05:30,146.55,,4208475
2025-09-04 13:54:32.465286+05:30,146.6,,4208475
2025-09-04 13:54:32.668889+05:30,146.25,,4208475
2025-09-04 13:54:33.154644+05:30,145.05,,4208475
2025-09-04 13:54:33.775814+05:30,145.85,,4208475
2025-09-04 13:54:33.974425+05:30,146.35,,4208475
2025-09-04 13:54:34.191679+05:30,145.7,,4208475
2025-09-04 13:54:34.664208+05:30,145.45,,4208475
2025-09-04 13:54:35.189595+05:30,145.8,,4208475
2025-09-04 13:54:35.458976+05:30,145.8,,4208475
2025-09-04 13:54:35.683897+05:30,145.6,,4208475
2025-09-04 13:54:36.460353+05:30,146.1,,4208475
2025-09-04 13:54:36.730172+05:30,148.05,,4208475
2025-09-04 13:54:37.497931+05:30,148.2,,4208475
2025-09-04 13:54:37.690596+05:30,147.8,,4208475
2025-09-04 13:54:38.474978+05:30,148.15,,4208475
2025-09-04 13:54:38.789357+05:30,148.0,,4208475
2025-09-04 13:54:38.935376+05:30,148.0,,4208475
2025-09-04 13:54:39.175689+05:30,148.0,,4208475
2025-09-04 13:54:39.454584+05:30,148.25,,4208475
2025-09-04 13:54:39.692082+05:30,148.4,,4208475
2025-09-04 13:54:40.431031+05:30,148.5,,4208475
2025-09-04 13:54:40.700018+05:30,149.0,,4208475
2025-09-04 13:54:41.430128+05:30,149.55,,4208475
2025-09-04 13:54:41.675048+05:30,149.8,,4208475
2025-09-04 13:54:42.457570+05:30,150.0,,4208475
2025-09-04 13:54:42.669758+05:30,149.9,,4208475
2025-09-04 13:54:43.456441+05:30,149.95,,4208475
2025-09-04 13:54:43.731881+05:30,150.0,,4208475
2025-09-04 13:54:43.929890+05:30,149.9,,4208475
2025-09-04 13:54:44.189278+05:30,150.75,,4208475
2025-09-04 13:54:44.701173+05:30,150.8,,4208475
2025-09-04 13:54:45.157189+05:30,151.7,,4208475
2025-09-04 13:54:45.449036+05:30,151.7,,4208475
2025-09-04 13:54:45.697127+05:30,151.5,,4208475
2025-09-04 13:54:46.424579+05:30,152.45,,4208475
2025-09-04 13:54:46.718051+05:30,152.5,,4208475
2025-09-04 13:54:47.421310+05:30,152.1,,4208475
2025-09-04 13:54:47.673849+05:30,152.1,,4208475
2025-09-04 13:54:48.471535+05:30,152.4,,4208475
2025-09-04 13:54:48.691538+05:30,152.85,,4208475
2025-09-04 13:54:48.930474+05:30,152.7,,4208475
2025-09-04 13:54:49.169992+05:30,152.5,,4208475
2025-09-04 13:54:49.779322+05:30,152.6,,4208475
2025-09-04 13:54:50.472172+05:30,153.65,,4208475
2025-09-04 13:54:50.710339+05:30,153.7,,4208475
2025-09-04 13:54:51.460602+05:30,153.25,,4208475
2025-09-04 13:54:51.723434+05:30,153.3,,4208475
2025-09-04 13:54:52.153866+05:30,152.55,,4208475
2025-09-04 13:54:52.715355+05:30,152.25,,4208475
2025-09-04 13:54:53.464380+05:30,152.6,,4208475
2025-09-04 13:54:53.706548+05:30,152.0,,4208475
2025-09-04 13:54:53.942107+05:30,152.05,,4208475
2025-09-04 13:54:54.190249+05:30,152.3,,4208475
2025-09-04 13:54:54.707516+05:30,152.2,,4208475
2025-09-04 13:54:55.422394+05:30,152.1,,4208475
2025-09-04 13:54:55.733702+05:30,152.15,,4208475
2025-09-04 13:54:56.161152+05:30,151.8,,4208475
2025-09-04 13:54:56.708228+05:30,151.2,,4208475
2025-09-04 13:54:57.160704+05:30,151.45,,4208475
2025-09-04 13:54:57.428163+05:30,151.65,,4208475
2025-09-04 13:54:57.701008+05:30,151.3,,4208475
2025-09-04 13:54:58.445872+05:30,151.3,,4208475
2025-09-04 13:54:58.759863+05:30,151.35,,4208475
2025-09-04 13:54:59.182134+05:30,151.9,,4208475
2025-09-04 13:54:59.721895+05:30,151.9,,4208475
2025-09-04 13:55:00.422077+05:30,151.9,,4208475
2025-09-04 13:55:00.656494+05:30,151.85,,4208475
2025-09-04 13:55:01.190438+05:30,151.3,,4208475
2025-09-04 13:55:01.715003+05:30,151.35,,4208475
2025-09-04 13:55:02.173146+05:30,151.5,,4208475
2025-09-04 13:55:02.702659+05:30,151.55,,4208475
2025-09-04 13:55:03.426026+05:30,150.85,,4208475
2025-09-04 13:55:03.727566+05:30,151.5,,4208475
2025-09-04 13:55:03.918273+05:30,151.9,,4208475
2025-09-04 13:55:04.176963+05:30,152.9,,4208475
2025-09-04 13:55:04.700859+05:30,152.85,,4208475
2025-09-04 13:55:05.453048+05:30,153.5,,4208475
2025-09-04 13:55:05.662038+05:30,153.15,,4208475
2025-09-04 13:55:06.497729+05:30,153.2,,4208475
2025-09-04 13:55:06.704314+05:30,153.4,,4208475
2025-09-04 13:55:07.194666+05:30,153.0,,4208475
2025-09-04 13:55:07.739509+05:30,153.1,,4208475
2025-09-04 13:55:08.425435+05:30,152.8,,4208475
2025-09-04 13:55:08.664413+05:30,152.65,,4208475
2025-09-04 13:55:08.907862+05:30,152.85,,4208475
2025-09-04 13:55:09.189805+05:30,152.75,,4208475
2025-09-04 13:55:09.683024+05:30,152.8,,4208475
2025-09-04 13:55:10.484759+05:30,152.05,,4208475
2025-09-04 13:55:10.695974+05:30,152.05,,4208475
2025-09-04 13:55:11.464814+05:30,152.25,,4226925
2025-09-04 13:55:11.732588+05:30,152.1,,4226925
2025-09-04 13:55:12.213312+05:30,151.95,,4226925
2025-09-04 13:55:12.457896+05:30,152.5,,4226925
2025-09-04 13:55:12.715301+05:30,151.9,,4226925
2025-09-04 13:55:13.464885+05:30,151.5,,4226925
2025-09-04 13:55:13.720162+05:30,151.75,,4226925
2025-09-04 13:55:13.954407+05:30,151.75,,4226925
2025-09-04 13:55:14.423388+05:30,151.4,,4226925
2025-09-04 13:55:14.663296+05:30,151.45,,4226925
2025-09-04 13:55:15.449882+05:30,151.45,,4226925
2025-09-04 13:55:15.746792+05:30,151.45,,4226925
2025-09-04 13:55:16.424852+05:30,151.45,,4226925
2025-09-04 13:55:16.682189+05:30,151.5,,4226925
2025-09-04 13:55:17.188726+05:30,151.75,,4226925
2025-09-04 13:55:17.435999+05:30,151.35,,4226925
2025-09-04 13:55:17.729053+05:30,151.9,,4226925
2025-09-04 13:55:18.419415+05:30,151.65,,4226925
2025-09-04 13:55:18.728851+05:30,152.9,,4226925
2025-09-04 13:55:19.467354+05:30,152.3,,4226925
2025-09-04 13:55:19.696163+05:30,152.45,,4226925
2025-09-04 13:55:20.420333+05:30,152.95,,4226925
2025-09-04 13:55:20.691610+05:30,152.65,,4226925
2025-09-04 13:55:21.511121+05:30,152.8,,4226925
2025-09-04 13:55:21.737946+05:30,152.4,,4226925
2025-09-04 13:55:22.169984+05:30,152.0,,4226925
2025-09-04 13:55:22.457108+05:30,152.3,,4226925
2025-09-04 13:55:22.712103+05:30,152.0,,4226925
2025-09-04 13:55:23.430752+05:30,152.1,,4226925
2025-09-04 13:55:23.708256+05:30,152.3,,4226925
2025-09-04 13:55:24.472493+05:30,152.2,,4226925
2025-09-04 13:55:24.704952+05:30,152.15,,4226925
2025-09-04 13:55:25.435429+05:30,152.25,,4226925
2025-09-04 13:55:25.668203+05:30,152.15,,4226925
2025-09-04 13:55:26.467729+05:30,152.65,,4226925
2025-09-04 13:55:26.771891+05:30,152.6,,4226925
2025-09-04 13:55:27.159732+05:30,152.5,,4226925
2025-09-04 13:55:27.420978+05:30,152.7,,4226925
2025-09-04 13:55:27.717437+05:30,152.65,,4226925
