time,last_price,volume,oi
2025-09-05 10:55:52.807200+05:30,19.1,,9084300
2025-09-05 10:55:52.993125+05:30,19.0,,9084300
2025-09-05 10:55:53.458360+05:30,19.1,,9084300
2025-09-05 10:55:53.914956+05:30,19.1,,9084300
2025-09-05 10:55:54.730176+05:30,19.1,,9084300
2025-09-05 10:55:54.973695+05:30,19.1,,9084300
2025-09-05 10:55:55.142851+05:30,19.05,,9084300
2025-09-05 10:55:55.915453+05:30,19.1,,9084300
2025-09-05 10:55:56.415690+05:30,19.1,,9084300
2025-09-05 10:55:56.666367+05:30,19.1,,9084300
2025-09-05 10:55:56.928351+05:30,19.1,,9084300
2025-09-05 10:55:57.914878+05:30,19.15,,9084300
2025-09-05 10:55:58.431849+05:30,19.2,,9084300
2025-09-05 10:55:58.943059+05:30,19.2,,9084300
2025-09-05 10:55:59.439968+05:30,19.2,,9084300
2025-09-05 10:55:59.941371+05:30,19.3,,9084300
2025-09-05 10:56:00.155077+05:30,19.3,,9084300
2025-09-05 10:56:00.639719+05:30,19.3,,9084300
2025-09-05 10:56:00.892845+05:30,19.15,,9084300
2025-09-05 10:56:01.488569+05:30,19.25,,9084300
2025-09-05 10:56:01.696141+05:30,19.2,,9084300
2025-09-05 10:56:02.919880+05:30,19.05,,9084300
2025-09-05 10:56:03.642599+05:30,19.1,,9084300
2025-09-05 10:56:03.940573+05:30,19.05,,9084300
2025-09-05 10:56:04.648323+05:30,19.1,,9084300
2025-09-05 10:56:04.928458+05:30,19.1,,9084300
2025-09-05 10:56:05.137621+05:30,19.1,,9084300
2025-09-05 10:56:05.909608+05:30,19.25,,9084300
2025-09-05 10:56:06.189775+05:30,19.25,,9084300
2025-09-05 10:56:06.732152+05:30,19.2,,9084300
2025-09-05 10:56:06.922723+05:30,19.2,,9084300
2025-09-05 10:56:07.893853+05:30,19.0,,9084300
2025-09-05 10:56:08.387915+05:30,18.95,,9084300
2025-09-05 10:56:08.958082+05:30,19.0,,9084300
2025-09-05 10:56:09.413398+05:30,19.0,,9084300
2025-09-05 10:56:09.933068+05:30,18.95,,9084300
2025-09-05 10:56:10.194884+05:30,19.0,,9084300
2025-09-05 10:56:10.911714+05:30,19.0,,9084300
2025-09-05 10:56:11.197208+05:30,19.05,,9084300
2025-09-05 10:56:11.829446+05:30,19.1,,9084300
2025-09-05 10:56:11.909378+05:30,19.1,,9084300
2025-09-05 10:56:12.930295+05:30,19.05,,9084300
2025-09-05 10:56:13.642733+05:30,19.1,,9084300
2025-09-05 10:56:13.901517+05:30,19.15,,9084300
2025-09-05 10:56:14.523515+05:30,19.05,,9084300
2025-09-05 10:56:14.956882+05:30,19.0,,9084300
2025-09-05 10:56:15.176094+05:30,19.05,,9084300
2025-09-05 10:56:15.941819+05:30,19.05,,9084300
2025-09-05 10:56:16.392857+05:30,19.2,,9084300
2025-09-05 10:56:16.691251+05:30,19.15,,9084300
2025-09-05 10:56:16.914311+05:30,19.1,,9084300
2025-09-05 10:56:18.023879+05:30,19.05,,9084300
2025-09-05 10:56:18.142420+05:30,19.1,,9084300
2025-09-05 10:56:18.998145+05:30,19.1,,9084300
2025-09-05 10:56:19.642513+05:30,19.05,,9084300
2025-09-05 10:56:19.914490+05:30,19.1,,9084300
2025-09-05 10:56:20.161893+05:30,19.1,,9084300
2025-09-05 10:56:21.023555+05:30,19.15,,9084300
2025-09-05 10:56:21.420087+05:30,19.3,,9084300
2025-09-05 10:56:21.940024+05:30,19.1,,9084300
2025-09-05 10:56:22.929865+05:30,18.95,,9084300
2025-09-05 10:56:23.419651+05:30,18.95,,9084300
2025-09-05 10:56:23.932887+05:30,18.95,,9084300
2025-09-05 10:56:24.414420+05:30,18.9,,9084300
2025-09-05 10:56:24.948156+05:30,18.8,,9084300
2025-09-05 10:56:25.147669+05:30,18.85,,9084300
2025-09-05 10:56:26.046743+05:30,18.85,,9084300
2025-09-05 10:56:26.412637+05:30,18.85,,9084300
2025-09-05 10:56:26.976320+05:30,18.8,,9084300
2025-09-05 10:56:27.942468+05:30,18.85,,9084300
2025-09-05 10:56:28.409543+05:30,18.75,,9084300
2025-09-05 10:56:28.948049+05:30,18.75,,9084300
2025-09-05 10:56:29.691780+05:30,18.75,,9084300
2025-09-05 10:56:29.910682+05:30,18.75,,9084300
2025-09-05 10:56:30.414800+05:30,18.85,,9084300
2025-09-05 10:56:30.924974+05:30,18.85,,9084300
2025-09-05 10:56:31.790896+05:30,18.9,,9084300
2025-09-05 10:56:31.935931+05:30,18.9,,9084300
2025-09-05 10:56:33.027655+05:30,18.8,,9084300
2025-09-05 10:56:33.392410+05:30,18.85,,9084300
2025-09-05 10:56:33.948086+05:30,18.85,,9084300
2025-09-05 10:56:34.708369+05:30,18.9,,9084300
2025-09-05 10:56:34.895038+05:30,18.95,,9084300
2025-09-05 10:56:35.180068+05:30,18.95,,9084300
2025-09-05 10:56:36.026868+05:30,19.0,,9084300
2025-09-05 10:56:36.712827+05:30,18.9,,9084300
2025-09-05 10:56:36.919419+05:30,19.0,,9084300
2025-09-05 10:56:38.040662+05:30,19.1,,9084300
2025-09-05 10:56:38.409517+05:30,19.05,,9084300
2025-09-05 10:56:38.998184+05:30,18.95,,9084300
2025-09-05 10:56:39.679462+05:30,19.1,,9084300
2025-09-05 10:56:39.892421+05:30,18.95,,9084300
2025-09-05 10:56:40.395383+05:30,19.0,,9084300
2025-09-05 10:56:41.016109+05:30,18.95,,9084300
2025-09-05 10:56:41.717245+05:30,18.85,,9084300
2025-09-05 10:56:41.961876+05:30,18.85,,9084300
2025-09-05 10:56:42.919534+05:30,18.85,,9084300
2025-09-05 10:56:43.142365+05:30,18.85,,9084300
2025-09-05 10:56:43.429785+05:30,18.9,,9084300
2025-09-05 10:56:43.921194+05:30,18.85,,9084300
2025-09-05 10:56:44.642538+05:30,18.95,,9084300
2025-09-05 10:56:44.924804+05:30,18.9,,9084300
2025-09-05 10:56:45.419540+05:30,18.9,,9084300
2025-09-05 10:56:45.987147+05:30,18.8,,9084300
2025-09-05 10:56:46.433070+05:30,18.8,,9084300
2025-09-05 10:56:46.980051+05:30,18.85,,9084300
2025-09-05 10:56:48.022589+05:30,18.85,,9084300
2025-09-05 10:56:48.424412+05:30,18.85,,9084300
2025-09-05 10:56:48.951962+05:30,18.95,,9084300
2025-09-05 10:56:49.661901+05:30,19.05,,9084300
2025-09-05 10:56:49.960248+05:30,19.05,,9084300
2025-09-05 10:56:50.171854+05:30,19.1,,9084300
2025-09-05 10:56:50.980260+05:30,19.1,,9084300
2025-09-05 10:56:51.448335+05:30,19.1,,9084300
2025-09-05 10:56:51.893931+05:30,19.15,,9084300
2025-09-05 10:56:53.002497+05:30,19.1,,9084300
2025-09-05 10:56:53.418441+05:30,19.1,,9084300
2025-09-05 10:56:53.925095+05:30,19.15,,9084300
2025-09-05 10:56:54.924443+05:30,19.15,,9084300
2025-09-05 10:56:55.414124+05:30,19.2,,9084300
2025-09-05 10:56:55.993573+05:30,19.25,,9084300
2025-09-05 10:56:56.437172+05:30,19.25,,9084300
2025-09-05 10:56:56.943873+05:30,19.3,,9084300
2025-09-05 10:56:58.030528+05:30,19.15,,9084300
2025-09-05 10:56:58.398369+05:30,19.25,,9084300
2025-09-05 10:56:58.942425+05:30,19.35,,9084300
2025-09-05 10:56:59.680650+05:30,19.3,,9084300
2025-09-05 10:56:59.988886+05:30,19.3,,9084300
2025-09-05 10:57:00.181874+05:30,19.35,,9084300
2025-09-05 10:57:00.642590+05:30,19.35,,9084300
2025-09-05 10:57:00.915766+05:30,19.5,,9084300
2025-09-05 10:57:01.496366+05:30,19.6,,9084300
2025-09-05 10:57:01.978221+05:30,19.5,,9084300
2025-09-05 10:57:02.986249+05:30,19.55,,9084300
2025-09-05 10:57:03.164503+05:30,19.5,,9084300
2025-09-05 10:57:03.432838+05:30,19.5,,9084300
2025-09-05 10:57:03.949310+05:30,19.6,,9084300
2025-09-05 10:57:04.759759+05:30,19.6,,9084300
2025-09-05 10:57:04.958736+05:30,19.6,,9084300
2025-09-05 10:57:05.416269+05:30,19.6,,9084300
2025-09-05 10:57:05.926368+05:30,19.65,,9084300
2025-09-05 10:57:06.486361+05:30,19.75,,9084300
2025-09-05 10:57:06.919154+05:30,19.75,,9084300
2025-09-05 10:57:07.945461+05:30,19.7,,9084300
2025-09-05 10:57:08.405456+05:30,19.6,,9084300
2025-09-05 10:57:08.920363+05:30,19.6,,9084300
2025-09-05 10:57:09.730769+05:30,19.65,,9084300
2025-09-05 10:57:09.922420+05:30,19.55,,9084300
2025-09-05 10:57:10.224332+05:30,19.65,,9084300
2025-09-05 10:57:10.946867+05:30,19.7,,9084300
2025-09-05 10:57:11.420257+05:30,19.7,,9084300
2025-09-05 10:57:11.952092+05:30,19.6,,9084300
2025-09-05 10:57:12.941133+05:30,19.7,,9084300
2025-09-05 10:57:13.160937+05:30,19.7,,9084300
2025-09-05 10:57:13.392572+05:30,19.65,,9084300
2025-09-05 10:57:13.919576+05:30,19.6,,9084300
2025-09-05 10:57:14.796220+05:30,19.7,,9084300
2025-09-05 10:57:15.463154+05:30,19.6,,9084300
2025-09-05 10:57:15.925161+05:30,19.45,,9084300
2025-09-05 10:57:16.697604+05:30,19.4,,9084300
2025-09-05 10:57:16.901381+05:30,19.2,,9084300
2025-09-05 10:57:17.985715+05:30,19.3,,9084300
2025-09-05 10:57:18.169168+05:30,19.3,,9084300
2025-09-05 10:57:18.414281+05:30,19.3,,9084300
2025-09-05 10:57:18.916319+05:30,19.25,,9084300
2025-09-05 10:57:19.782181+05:30,19.25,,9084300
2025-09-05 10:57:19.927379+05:30,19.35,,9084300
2025-09-05 10:57:20.425385+05:30,19.35,,9084300
2025-09-05 10:57:20.975055+05:30,19.35,,9084300
2025-09-05 10:57:21.681049+05:30,19.35,,9084300
2025-09-05 10:57:21.892594+05:30,19.35,,9084300
2025-09-05 10:57:23.002220+05:30,19.3,,9084300
2025-09-05 10:57:23.220827+05:30,19.3,,9084300
2025-09-05 10:57:23.436059+05:30,19.25,,9084300
2025-09-05 10:57:23.908837+05:30,19.3,,9084300
2025-09-05 10:57:24.799287+05:30,19.3,,9084300
2025-09-05 10:57:24.913995+05:30,19.45,,9084300
2025-09-05 10:57:25.420514+05:30,19.4,,9084300
2025-09-05 10:57:25.917276+05:30,19.3,,9084300
2025-09-05 10:57:26.430767+05:30,19.25,,9084300
2025-09-05 10:57:26.921791+05:30,19.15,,9084300
2025-09-05 10:57:27.905259+05:30,19.2,,9084300
2025-09-05 10:57:28.180924+05:30,19.2,,9084300
2025-09-05 10:57:28.414209+05:30,19.3,,9084300
2025-09-05 10:57:28.904170+05:30,19.25,,9084300
2025-09-05 10:57:29.756984+05:30,19.4,,9084300
2025-09-05 10:57:29.943726+05:30,19.35,,9084300
2025-09-05 10:57:30.497758+05:30,19.35,,9084300
2025-09-05 10:57:30.767930+05:30,19.35,,9084300
2025-09-05 10:57:30.965137+05:30,19.35,,9084300
2025-09-05 10:57:31.658923+05:30,19.35,,9084300
2025-09-05 10:57:31.925287+05:30,19.35,,9084300
2025-09-05 10:57:32.918525+05:30,19.35,,9084300
2025-09-05 10:57:33.205001+05:30,19.35,,9084300
2025-09-05 10:57:33.666074+05:30,19.25,,9084300
2025-09-05 10:57:33.925427+05:30,19.25,,9084300
2025-09-05 10:57:34.919264+05:30,19.15,,9084300
2025-09-05 10:57:35.151077+05:30,19.25,,9084300
2025-09-05 10:57:35.892164+05:30,19.15,,9084300
2025-09-05 10:57:36.759549+05:30,19.1,,9084300
2025-09-05 10:57:36.970934+05:30,19.2,,9084300
2025-09-05 10:57:38.001941+05:30,19.3,,9084300
2025-09-05 10:57:38.212414+05:30,19.3,,9084300
2025-09-05 10:57:38.729886+05:30,19.15,,9084300
2025-09-05 10:57:38.892082+05:30,19.25,,9084300
2025-09-05 10:57:39.737660+05:30,19.2,,9084300
2025-09-05 10:57:39.913620+05:30,19.25,,9128250
2025-09-05 10:57:40.251787+05:30,19.1,,9128250
2025-09-05 10:57:40.996025+05:30,19.25,,9128250
2025-09-05 10:57:41.664364+05:30,19.25,,9128250
2025-09-05 10:57:41.953205+05:30,19.15,,9128250
2025-09-05 10:57:42.892432+05:30,19.15,,9128250
2025-09-05 10:57:43.177245+05:30,19.15,,9128250
2025-09-05 10:57:43.424542+05:30,19.2,,9128250
2025-09-05 10:57:43.978500+05:30,19.15,,9128250
2025-09-05 10:57:44.739177+05:30,19.2,,9128250
2025-09-05 10:57:44.913924+05:30,19.2,,9128250
2025-09-05 10:57:45.156377+05:30,19.2,,9128250
2025-09-05 10:57:45.909232+05:30,19.25,,9128250
2025-09-05 10:57:46.468521+05:30,19.25,,9128250
2025-09-05 10:57:46.676145+05:30,19.15,,9128250
2025-09-05 10:57:46.892050+05:30,19.15,,9128250
2025-09-05 10:57:47.978321+05:30,19.2,,9128250
2025-09-05 10:57:48.419158+05:30,19.2,,9128250
2025-09-05 10:57:48.909592+05:30,19.2,,9128250
2025-09-05 10:57:49.735724+05:30,19.4,,9128250
2025-09-05 10:57:49.914159+05:30,19.35,,9128250
2025-09-05 10:57:50.186283+05:30,19.35,,9128250
2025-09-05 10:57:50.909491+05:30,19.35,,9128250
2025-09-05 10:57:51.142060+05:30,19.35,,9128250
2025-09-05 10:57:51.685636+05:30,19.35,,9128250
2025-09-05 10:57:51.930884+05:30,19.45,,9128250
2025-09-05 10:57:52.952608+05:30,19.5,,9128250
2025-09-05 10:57:53.388427+05:30,19.55,,9128250
2025-09-05 10:57:53.956751+05:30,19.6,,9128250
2025-09-05 10:57:54.717795+05:30,19.65,,9128250
2025-09-05 10:57:54.924768+05:30,19.65,,9128250
2025-09-05 10:57:55.190733+05:30,19.65,,9128250
2025-09-05 10:57:55.920288+05:30,19.7,,9128250
2025-09-05 10:57:56.430273+05:30,19.75,,9128250
2025-09-05 10:57:56.892074+05:30,19.7,,9128250
2025-09-05 10:57:57.914130+05:30,19.7,,9128250
2025-09-05 10:57:58.392166+05:30,19.7,,9128250
2025-09-05 10:57:58.908743+05:30,19.75,,9128250
2025-09-05 10:57:59.712552+05:30,19.8,,9128250
2025-09-05 10:57:59.915378+05:30,19.85,,9128250
2025-09-05 10:58:00.147091+05:30,19.85,,9128250
2025-09-05 10:58:00.979894+05:30,19.85,,9128250
2025-09-05 10:58:01.392321+05:30,19.9,,9128250
2025-09-05 10:58:11.025605+05:30,19.9,,9128250
2025-09-05 10:58:11.069844+05:30,19.85,,9128250
2025-09-05 10:58:11.203279+05:30,19.75,,9128250
2025-09-05 10:58:11.288810+05:30,19.75,,9128250
2025-09-05 10:58:11.408630+05:30,19.75,,9128250
2025-09-05 10:58:11.514404+05:30,19.6,,9128250
2025-09-05 10:58:11.561115+05:30,19.65,,9128250
2025-09-05 10:58:11.601944+05:30,19.65,,9128250
2025-09-05 10:58:11.733282+05:30,19.6,,9128250
2025-09-05 10:58:11.839513+05:30,19.4,,9128250
2025-09-05 10:58:11.929647+05:30,19.4,,9128250
2025-09-05 10:58:11.986163+05:30,19.35,,9128250
2025-09-05 10:58:12.261076+05:30,19.45,,9128250
2025-09-05 10:58:12.342149+05:30,19.4,,9128250
2025-09-05 10:58:12.420804+05:30,19.4,,9128250
2025-09-05 10:58:12.830434+05:30,19.5,,9128250
2025-09-05 10:58:12.948982+05:30,19.5,,9128250
2025-09-05 10:58:12.997760+05:30,19.6,,9128250
2025-09-05 10:58:13.355344+05:30,19.55,,9128250
2025-09-05 10:58:13.546090+05:30,19.55,,9128250
2025-09-05 10:58:13.636065+05:30,19.55,,9128250
2025-09-05 10:58:13.721972+05:30,19.55,,9128250
2025-09-05 10:58:14.014733+05:30,19.4,,9128250
2025-09-05 10:58:14.144217+05:30,19.5,,9128250
2025-09-05 10:58:14.251579+05:30,19.5,,9128250
2025-09-05 10:58:14.712853+05:30,19.45,,9128250
2025-09-05 10:58:14.913716+05:30,19.45,,9128250
2025-09-05 10:58:15.180573+05:30,19.45,,9128250
2025-09-05 10:58:15.952913+05:30,19.4,,9128250
2025-09-05 10:58:16.204691+05:30,19.4,,9128250
2025-09-05 10:58:16.413680+05:30,19.5,,9128250
2025-09-05 10:58:17.186395+05:30,19.45,,9128250
2025-09-05 10:58:17.985293+05:30,19.55,,9128250
2025-09-05 10:58:18.391783+05:30,19.3,,9128250
2025-09-05 10:58:18.935532+05:30,19.4,,9128250
2025-09-05 10:58:19.659106+05:30,19.45,,9128250
2025-09-05 10:58:19.918945+05:30,19.45,,9128250
2025-09-05 10:58:20.922410+05:30,19.45,,9128250
2025-09-05 10:58:21.195366+05:30,19.4,,9128250
2025-09-05 10:58:21.951873+05:30,19.4,,9128250
2025-09-05 10:58:22.914035+05:30,19.5,,9128250
2025-09-05 10:58:23.678928+05:30,19.5,,9128250
2025-09-05 10:58:23.892180+05:30,19.55,,9128250
2025-09-05 10:58:24.648567+05:30,19.6,,9128250
2025-09-05 10:58:24.922298+05:30,19.6,,9128250
2025-09-05 10:58:26.011141+05:30,19.5,,9128250
2025-09-05 10:58:26.457452+05:30,19.55,,9128250
2025-09-05 10:58:26.663844+05:30,19.5,,9128250
2025-09-05 10:58:27.023786+05:30,19.55,,9128250
2025-09-05 10:58:27.978731+05:30,19.4,,9128250
2025-09-05 10:58:28.409392+05:30,19.3,,9128250
2025-09-05 10:58:29.023065+05:30,19.4,,9128250
2025-09-05 10:58:30.038476+05:30,19.25,,9128250
2025-09-05 10:58:30.751977+05:30,19.25,,9128250
2025-09-05 10:58:30.943753+05:30,19.3,,9128250
2025-09-05 10:58:31.687710+05:30,19.25,,9128250
2025-09-05 10:58:32.024647+05:30,19.25,,9128250
2025-09-05 10:58:32.932497+05:30,19.4,,9128250
2025-09-05 10:58:33.392088+05:30,19.35,,9128250
2025-09-05 10:58:33.901098+05:30,19.4,,9128250
2025-09-05 10:58:34.891780+05:30,19.4,,9128250
2025-09-05 10:58:36.030830+05:30,19.45,,9128250
2025-09-05 10:58:36.413810+05:30,19.5,,9128250
2025-09-05 10:58:36.680034+05:30,19.5,,9128250
2025-09-05 10:58:37.011427+05:30,19.4,,9128250
2025-09-05 10:58:38.025971+05:30,19.5,,9128250
2025-09-05 10:58:38.391573+05:30,19.5,,9128250
2025-09-05 10:58:39.036398+05:30,19.45,,9128250
2025-09-05 10:58:39.914034+05:30,19.5,,9128250
2025-09-05 10:58:40.175178+05:30,19.5,,9128250
2025-09-05 10:58:40.978496+05:30,19.45,,9128250
2025-09-05 10:58:41.446231+05:30,19.6,,9128250
2025-09-05 10:58:41.712582+05:30,19.6,,9128250
2025-09-05 10:58:41.967561+05:30,19.55,,9128250
2025-09-05 10:58:42.989747+05:30,19.65,,9128250
2025-09-05 10:58:43.669368+05:30,19.6,,9128250
2025-09-05 10:58:43.961857+05:30,19.6,,9128250
2025-09-05 10:58:44.940720+05:30,19.6,,9128250
2025-09-05 10:59:11.179544+05:30,19.65,,9128250
2025-09-05 10:59:11.265066+05:30,19.65,,9128250
2025-09-05 10:59:11.376393+05:30,19.65,,9128250
2025-09-05 10:59:11.817460+05:30,19.55,,9128250
2025-09-05 10:59:12.017056+05:30,19.65,,9128250
2025-09-05 10:59:12.211850+05:30,19.7,,9128250
2025-09-05 10:59:12.522912+05:30,19.7,,9128250
2025-09-05 10:59:12.571275+05:30,19.7,,9128250
2025-09-05 10:59:12.846722+05:30,19.65,,9128250
2025-09-05 10:59:12.925079+05:30,19.85,,9128250
2025-09-05 10:59:13.039864+05:30,19.85,,9128250
2025-09-05 10:59:13.177454+05:30,19.75,,9128250
2025-09-05 10:59:13.619542+05:30,19.85,,9128250
2025-09-05 10:59:13.796786+05:30,19.85,,9128250
2025-09-05 10:59:14.120128+05:30,19.75,,9128250
2025-09-05 10:59:14.422061+05:30,19.8,,9128250
2025-09-05 10:59:14.533340+05:30,19.9,,9128250
2025-09-05 10:59:14.919771+05:30,19.95,,9128250
2025-09-05 10:59:15.090889+05:30,19.8,,9128250
2025-09-05 10:59:15.222209+05:30,19.85,,9128250
2025-09-05 10:59:15.575751+05:30,19.75,,9128250
2025-09-05 10:59:15.891798+05:30,19.7,,9128250
2025-09-05 10:59:15.919923+05:30,19.7,,9128250
2025-09-05 10:59:16.331366+05:30,19.6,,9128250
2025-09-05 10:59:16.440573+05:30,19.6,,9128250
2025-09-05 10:59:16.534410+05:30,19.6,,9128250
2025-09-05 10:59:16.765156+05:30,19.75,,9128250
2025-09-05 10:59:16.914282+05:30,19.75,,9128250
2025-09-05 10:59:17.048270+05:30,19.8,,9128250
2025-09-05 10:59:17.159910+05:30,19.8,,9128250
2025-09-05 10:59:17.644817+05:30,19.75,,9128250
2025-09-05 10:59:17.803510+05:30,19.75,,9128250
2025-09-05 10:59:17.853690+05:30,19.65,,9128250
2025-09-05 10:59:17.921133+05:30,19.4,,9128250
2025-09-05 10:59:18.449706+05:30,19.4,,9128250
2025-09-05 10:59:18.482183+05:30,19.4,,9128250
2025-09-05 10:59:18.907830+05:30,19.45,,9128250
2025-09-05 10:59:19.161241+05:30,19.5,,9128250
2025-09-05 10:59:19.197217+05:30,19.5,,9128250
2025-09-05 10:59:19.335659+05:30,19.5,,9128250
2025-09-05 10:59:19.884152+05:30,19.45,,9128250
2025-09-05 10:59:19.977240+05:30,19.45,,9128250
2025-09-05 10:59:20.049463+05:30,19.45,,9128250
2025-09-05 10:59:20.260036+05:30,19.5,,9128250
2025-09-05 10:59:20.612702+05:30,19.55,,9128250
2025-09-05 10:59:20.733459+05:30,19.55,,9128250
2025-09-05 10:59:20.987536+05:30,19.5,,9128250
2025-09-05 10:59:21.258677+05:30,19.5,,9128250
2025-09-05 10:59:21.345681+05:30,19.5,,9128250
2025-09-05 10:59:21.457409+05:30,19.5,,9128250
2025-09-05 10:59:21.830647+05:30,19.7,,9128250
2025-09-05 10:59:21.881604+05:30,19.7,,9128250
2025-09-05 10:59:22.039510+05:30,19.7,,9128250
2025-09-05 10:59:22.275695+05:30,19.6,,9128250
2025-09-05 10:59:22.422656+05:30,19.55,,9128250
2025-09-05 10:59:22.481240+05:30,19.55,,9128250
2025-09-05 10:59:22.858716+05:30,19.65,,9128250
2025-09-05 10:59:23.059763+05:30,19.65,,9128250
2025-09-05 10:59:23.163593+05:30,19.6,,9128250
2025-09-05 10:59:23.391290+05:30,19.65,,9128250
2025-09-05 10:59:23.741875+05:30,19.75,,9128250
2025-09-05 10:59:23.785079+05:30,19.75,,9128250
2025-09-05 10:59:23.878170+05:30,19.75,,9128250
2025-09-05 10:59:23.924752+05:30,19.55,,9128250
2025-09-05 10:59:24.201672+05:30,19.65,,9128250
2025-09-05 10:59:24.349119+05:30,19.65,,9128250
2025-09-05 10:59:24.490692+05:30,19.6,,9128250
2025-09-05 10:59:24.617194+05:30,19.55,,9128250
2025-09-05 10:59:24.877139+05:30,19.55,,9128250
2025-09-05 10:59:24.903660+05:30,19.6,,9128250
2025-09-05 10:59:25.112724+05:30,19.65,,9128250
2025-09-05 10:59:25.383235+05:30,19.65,,9128250
2025-09-05 10:59:25.469394+05:30,19.65,,9128250
2025-09-05 10:59:25.495676+05:30,19.7,,9128250
2025-09-05 10:59:25.702268+05:30,19.65,,9128250
2025-09-05 10:59:25.978714+05:30,19.85,,9128250
2025-09-05 10:59:26.097646+05:30,19.75,,9128250
2025-09-05 10:59:26.209462+05:30,19.75,,9128250
2025-09-05 10:59:26.633241+05:30,19.8,,9128250
2025-09-05 11:00:11.028198+05:30,19.8,,9128250
2025-09-05 11:00:11.088166+05:30,19.7,,9128250
2025-09-05 11:00:11.301331+05:30,19.75,,9128250
2025-09-05 11:00:11.374750+05:30,19.75,,9128250
2025-09-05 11:00:11.436275+05:30,19.7,,9128250
2025-09-05 11:00:11.633052+05:30,19.7,,9128250
2025-09-05 11:00:11.775137+05:30,19.65,,9128250
2025-09-05 11:00:11.829341+05:30,19.7,,9128250
2025-09-05 11:00:11.863904+05:30,19.7,,9128250
2025-09-05 11:00:12.147020+05:30,19.7,,9128250
2025-09-05 11:00:12.388157+05:30,19.75,,9128250
2025-09-05 11:00:12.511959+05:30,19.75,,9128250
2025-09-05 11:00:12.617338+05:30,19.55,,9128250
2025-09-05 11:00:12.960370+05:30,19.35,,9128250
2025-09-05 11:00:13.064744+05:30,19.35,,9128250
2025-09-05 11:00:13.343374+05:30,19.35,,9128250
2025-09-05 11:00:13.557912+05:30,19.45,,9128250
2025-09-05 11:00:13.647822+05:30,19.45,,9128250
2025-09-05 11:00:13.745503+05:30,19.5,,9128250
2025-09-05 11:00:13.957714+05:30,19.55,,9128250
2025-09-05 11:00:14.218176+05:30,19.6,,9128250
2025-09-05 11:00:14.277627+05:30,19.55,,9128250
2025-09-05 11:00:14.481744+05:30,19.55,,9128250
2025-09-05 11:00:14.721906+05:30,19.55,,9128250
2025-09-05 11:00:14.838259+05:30,19.6,,9128250
2025-09-05 11:00:15.213623+05:30,19.55,,9128250
2025-09-05 11:00:15.567717+05:30,19.5,,9128250
2025-09-05 11:00:15.650269+05:30,19.5,,9128250
2025-09-05 11:00:15.805321+05:30,19.55,,9128250
2025-09-05 11:00:16.102204+05:30,19.5,,9128250
2025-09-05 11:00:16.282802+05:30,19.55,,9128250
2025-09-05 11:00:16.352115+05:30,19.55,,9128250
2025-09-05 11:00:16.489354+05:30,19.55,,9128250
2025-09-05 11:00:16.687420+05:30,19.55,,9128250
2025-09-05 11:00:16.793092+05:30,19.55,,9128250
2025-09-05 11:00:17.017185+05:30,19.6,,9128250
2025-09-05 11:00:17.241478+05:30,19.5,,9128250
2025-09-05 11:00:17.523957+05:30,19.55,,9128250
2025-09-05 11:00:17.637680+05:30,19.55,,9128250
2025-09-05 11:00:17.662354+05:30,19.55,,9128250
2025-09-05 11:00:17.856875+05:30,19.55,,9128250
2025-09-05 11:00:18.006412+05:30,19.5,,9128250
2025-09-05 11:00:18.054245+05:30,19.45,,9128250
2025-09-05 11:00:18.127808+05:30,19.45,,9128250
2025-09-05 11:00:18.519315+05:30,19.45,,9128250
2025-09-05 11:00:18.606466+05:30,19.45,,9128250
2025-09-05 11:00:18.950523+05:30,19.4,,9128250
2025-09-05 11:00:19.297128+05:30,19.4,,9128250
2025-09-05 11:00:19.353211+05:30,19.4,,9128250
2025-09-05 11:00:19.618761+05:30,19.4,,9128250
2025-09-05 11:00:19.874860+05:30,19.45,,9128250
2025-09-05 11:00:20.033100+05:30,19.4,,9128250
2025-09-05 11:00:20.095287+05:30,19.4,,9128250
2025-09-05 11:00:20.205294+05:30,19.4,,9128250
2025-09-05 11:00:20.570503+05:30,19.45,,9128250
2025-09-05 11:00:20.624211+05:30,19.45,,9128250
2025-09-05 11:00:20.765606+05:30,19.4,,9128250
2025-09-05 11:00:21.013679+05:30,19.45,,9128250
2025-09-05 11:00:21.390989+05:30,19.65,,9128250
2025-09-05 11:00:21.588560+05:30,19.65,,9128250
2025-09-05 11:00:21.896248+05:30,19.6,,9128250
2025-09-05 11:00:21.923885+05:30,19.65,,9128250
2025-09-05 11:00:22.100317+05:30,19.55,,9128250
2025-09-05 11:00:22.268757+05:30,19.55,,9128250
2025-09-05 11:00:22.537053+05:30,19.65,,9128250
2025-09-05 11:00:22.669404+05:30,19.65,,9128250
2025-09-05 11:00:22.957257+05:30,19.7,,9128250
2025-09-05 11:00:23.227538+05:30,19.55,,9128250
2025-09-05 11:00:23.444792+05:30,19.6,,9128250
2025-09-05 11:00:23.612701+05:30,19.6,,9128250
2025-09-05 11:00:23.639936+05:30,19.6,,9128250
2025-09-05 11:00:23.869279+05:30,19.8,,9128250
2025-09-05 11:00:24.037706+05:30,19.75,,9128250
2025-09-05 11:00:24.161893+05:30,19.75,,9128250
2025-09-05 11:00:24.200625+05:30,19.75,,9128250
2025-09-05 11:00:24.641231+05:30,19.6,,9128250
2025-09-05 11:00:24.749338+05:30,19.6,,9128250
2025-09-05 11:00:24.772147+05:30,19.6,,9128250
2025-09-05 11:00:24.934293+05:30,19.45,,9128250
2025-09-05 11:00:25.524736+05:30,19.45,,9128250
2025-09-05 11:00:25.621720+05:30,19.55,,9128250
2025-09-05 11:00:25.783036+05:30,19.55,,9128250
2025-09-05 11:00:26.025966+05:30,19.55,,9128250
2025-09-05 11:00:56.382281+05:30,19.5,,9128250
2025-09-05 11:00:56.430621+05:30,19.45,,9128250
2025-09-05 11:00:56.743236+05:30,19.4,,9128250
2025-09-05 11:00:56.777954+05:30,19.4,,9128250
2025-09-05 11:00:57.044336+05:30,19.3,,9128250
2025-09-05 11:00:57.279027+05:30,19.4,,9128250
2025-09-05 11:00:57.378077+05:30,19.3,,9128250
2025-09-05 11:00:57.644426+05:30,19.3,,9128250
2025-09-05 11:00:57.794145+05:30,19.45,,9128250
2025-09-05 11:00:57.919226+05:30,19.5,,9128250
2025-09-05 11:00:58.023464+05:30,19.5,,9128250
2025-09-05 11:00:58.057150+05:30,19.55,,9128250
2025-09-05 11:00:58.196548+05:30,19.5,,9128250
2025-09-05 11:00:58.330801+05:30,19.6,,9128250
2025-09-05 11:00:58.472711+05:30,19.55,,9128250
2025-09-05 11:00:58.611369+05:30,19.5,,9128250
2025-09-05 11:00:58.653361+05:30,19.55,,9128250
2025-09-05 11:00:58.767450+05:30,19.55,,9128250
2025-09-05 11:00:58.860931+05:30,19.5,,9128250
2025-09-05 11:00:58.997505+05:30,19.5,,9128250
2025-09-05 11:00:59.145127+05:30,19.55,,9128250
2025-09-05 11:00:59.183724+05:30,19.55,,9128250
2025-09-05 11:00:59.306525+05:30,19.4,,9128250
2025-09-05 11:00:59.504893+05:30,19.55,,9128250
2025-09-05 11:00:59.742707+05:30,19.55,,9128250
2025-09-05 11:00:59.934840+05:30,19.5,,9128250
2025-09-05 11:01:00.094341+05:30,19.6,,9128250
2025-09-05 11:01:00.211276+05:30,19.6,,9128250
2025-09-05 11:01:00.416885+05:30,19.5,,9128250
2025-09-05 11:01:00.663963+05:30,19.5,,9128250
2025-09-05 11:01:00.690355+05:30,19.55,,9128250
2025-09-05 11:01:00.898666+05:30,19.55,,9128250
2025-09-05 11:01:00.991323+05:30,19.7,,9128250
2025-09-05 11:01:01.331635+05:30,19.7,,9128250
2025-09-05 11:01:01.340840+05:30,19.7,,9128250
2025-09-05 11:01:01.546327+05:30,19.7,,9128250
2025-09-05 11:01:01.577358+05:30,19.7,,9128250
2025-09-05 11:01:01.710874+05:30,19.65,,9128250
2025-09-05 11:01:01.831346+05:30,19.7,,9128250
2025-09-05 11:01:01.924790+05:30,19.7,,9128250
2025-09-05 11:01:02.184329+05:30,19.7,,9128250
2025-09-05 11:01:02.253027+05:30,19.7,,9128250
2025-09-05 11:01:02.474240+05:30,19.75,,9128250
2025-09-05 11:01:02.653614+05:30,19.8,,9128250
2025-09-05 11:01:02.811896+05:30,19.7,,9128250
2025-09-05 11:01:02.932945+05:30,19.45,,9128250
2025-09-05 11:01:03.119218+05:30,19.55,,9128250
2025-09-05 11:01:03.302553+05:30,19.45,,9128250
2025-09-05 11:01:03.352733+05:30,19.45,,9128250
2025-09-05 11:01:03.538317+05:30,19.45,,9128250
2025-09-05 11:01:03.749476+05:30,19.5,,9128250
2025-09-05 11:01:03.829738+05:30,19.5,,9128250
2025-09-05 11:01:03.990634+05:30,19.4,,9128250
2025-09-05 11:01:04.174195+05:30,19.65,,9128250
2025-09-05 11:01:04.664585+05:30,19.6,,9128250
2025-09-05 11:01:04.705037+05:30,19.6,,9128250
2025-09-05 11:01:04.934332+05:30,19.6,,9128250
2025-09-05 11:01:05.290197+05:30,19.7,,9128250
2025-09-05 11:01:05.350597+05:30,19.65,,9128250
2025-09-05 11:01:05.627278+05:30,19.65,,9128250
2025-09-05 11:01:05.704171+05:30,19.75,,9128250
2025-09-05 11:01:05.997849+05:30,19.65,,9128250
2025-09-05 11:01:06.105956+05:30,19.65,,9128250
2025-09-05 11:01:06.471881+05:30,19.7,,9128250
2025-09-05 11:01:06.507455+05:30,19.65,,9128250
2025-09-05 11:01:06.830079+05:30,19.65,,9128250
2025-09-05 11:01:07.007141+05:30,19.8,,9128250
2025-09-05 11:01:07.110836+05:30,19.8,,9128250
2025-09-05 11:01:07.112413+05:30,19.75,,9128250
2025-09-05 11:01:07.409732+05:30,19.8,,9188925
2025-09-05 11:01:07.477782+05:30,19.8,,9188925
2025-09-05 11:01:07.621311+05:30,19.8,,9188925
2025-09-05 11:01:07.795673+05:30,19.4,,9188925
2025-09-05 11:01:07.914621+05:30,19.5,,9188925
2025-09-05 11:01:08.104581+05:30,19.55,,9188925
2025-09-05 11:01:08.227456+05:30,19.45,,9188925
2025-09-05 11:01:08.271829+05:30,19.5,,9188925
2025-09-05 11:01:08.525745+05:30,19.55,,9188925
2025-09-05 11:01:08.648361+05:30,19.5,,9188925
2025-09-05 11:01:08.685893+05:30,19.45,,9188925
2025-09-05 11:01:09.160974+05:30,19.45,,9188925
2025-09-05 11:01:09.236336+05:30,19.45,,9188925
2025-09-05 11:01:09.526611+05:30,19.5,,9188925
2025-09-05 11:01:09.682807+05:30,19.55,,9188925
2025-09-05 11:01:09.776730+05:30,19.55,,9188925
2025-09-05 11:01:10.127341+05:30,19.6,,9188925
2025-09-05 11:01:10.222310+05:30,19.5,,9188925
2025-09-05 11:01:10.441803+05:30,19.4,,9188925
2025-09-05 11:01:10.877749+05:30,19.4,,9188925
2025-09-05 11:01:11.096293+05:30,19.5,,9188925
2025-09-05 11:01:11.313063+05:30,19.45,,9188925
2025-09-05 11:01:11.477162+05:30,19.5,,9188925
2025-09-05 11:01:11.644921+05:30,19.5,,9188925
2025-09-05 11:01:11.928997+05:30,19.65,,9188925
2025-09-05 11:01:11.972818+05:30,19.65,,9188925
2025-09-05 11:01:12.096337+05:30,19.55,,9188925
2025-09-05 11:01:12.253136+05:30,19.55,,9188925
2025-09-05 11:01:12.486588+05:30,19.55,,9188925
2025-09-05 11:01:12.560810+05:30,19.6,,9188925
2025-09-05 11:01:12.809395+05:30,19.7,,9188925
2025-09-05 11:01:13.012348+05:30,19.55,,9188925
2025-09-05 11:01:13.137825+05:30,19.55,,9188925
2025-09-05 11:01:13.257673+05:30,19.7,,9188925
2025-09-05 11:01:13.362101+05:30,19.7,,9188925
2025-09-05 11:01:13.550003+05:30,19.75,,9188925
2025-09-05 11:01:13.626481+05:30,19.65,,9188925
2025-09-05 11:01:13.715472+05:30,19.75,,9188925
2025-09-05 11:01:14.082180+05:30,19.7,,9188925
2025-09-05 11:01:14.176137+05:30,19.7,,9188925
2025-09-05 11:01:14.494509+05:30,19.65,,9188925
2025-09-05 11:01:14.605510+05:30,19.6,,9188925
2025-09-05 11:01:14.659064+05:30,19.65,,9188925
2025-09-05 11:01:14.775348+05:30,19.65,,9188925
2025-09-05 11:01:14.963848+05:30,19.55,,9188925
2025-09-05 11:01:15.004557+05:30,19.6,,9188925
2025-09-05 11:01:15.080519+05:30,19.6,,9188925
2025-09-05 11:01:15.244217+05:30,19.6,,9188925
2025-09-05 11:01:15.451598+05:30,19.55,,9188925
2025-09-05 11:01:15.620152+05:30,19.6,,9188925
2025-09-05 11:01:15.913550+05:30,19.6,,9188925
2025-09-05 11:01:16.051796+05:30,19.6,,9188925
2025-09-05 11:01:16.241367+05:30,19.65,,9188925
2025-09-05 11:01:16.470563+05:30,19.75,,9188925
2025-09-05 11:01:16.518737+05:30,19.8,,9188925
2025-09-05 11:01:16.770790+05:30,19.8,,9188925
2025-09-05 11:01:16.841354+05:30,19.8,,9188925
2025-09-05 11:01:17.157511+05:30,19.9,,9188925
2025-09-05 11:01:17.283994+05:30,19.9,,9188925
2025-09-05 11:01:17.545660+05:30,19.9,,9188925
2025-09-05 11:01:17.785181+05:30,19.9,,9188925
2025-09-05 11:01:17.864915+05:30,19.9,,9188925
2025-09-05 11:01:17.890482+05:30,19.9,,9188925
2025-09-05 11:01:18.203361+05:30,19.85,,9188925
2025-09-05 11:01:18.273546+05:30,19.8,,9188925
2025-09-05 11:01:18.440540+05:30,19.8,,9188925
2025-09-05 11:01:18.472025+05:30,19.8,,9188925
2025-09-05 11:01:18.702284+05:30,19.8,,9188925
2025-09-05 11:01:18.815472+05:30,19.8,,9188925
2025-09-05 11:01:19.140926+05:30,19.75,,9188925
2025-09-05 11:01:19.955635+05:30,19.7,,9188925
2025-09-05 11:01:20.240776+05:30,19.7,,9188925
2025-09-05 11:01:21.247244+05:30,19.7,,9188925
2025-09-05 11:01:21.385789+05:30,19.7,,9188925
2025-09-05 11:01:21.965461+05:30,19.7,,9188925
2025-09-05 11:01:22.151426+05:30,19.7,,9188925
2025-09-05 11:01:23.141035+05:30,19.7,,9188925
2025-09-05 11:01:23.408571+05:30,19.7,,9188925
2025-09-05 11:01:24.141674+05:30,19.65,,9188925
2025-09-05 11:01:24.978941+05:30,19.6,,9188925
2025-09-05 11:01:25.179895+05:30,19.6,,9188925
2025-09-05 11:01:26.175610+05:30,19.35,,9188925
2025-09-05 11:01:26.390749+05:30,19.35,,9188925
2025-09-05 11:01:26.938067+05:30,19.4,,9188925
2025-09-05 11:01:27.256247+05:30,19.35,,9188925
2025-09-05 11:01:28.142631+05:30,19.4,,9188925
2025-09-05 11:01:28.419336+05:30,19.5,,9188925
2025-09-05 11:01:29.188390+05:30,19.5,,9188925
2025-09-05 11:01:30.059080+05:30,19.55,,9188925
2025-09-05 11:01:30.147995+05:30,19.55,,9188925
2025-09-05 11:01:31.211226+05:30,19.55,,9188925
2025-09-05 11:01:31.417753+05:30,19.45,,9188925
2025-09-05 11:01:31.890806+05:30,19.35,,9188925
2025-09-05 11:01:33.296266+05:30,19.35,,9188925
2025-09-05 11:01:33.390693+05:30,19.4,,9188925
2025-09-05 11:01:34.261444+05:30,19.5,,9188925
2025-09-05 11:01:34.918753+05:30,19.55,,9188925
2025-09-05 11:01:35.140825+05:30,19.55,,9188925
2025-09-05 11:01:36.157514+05:30,19.5,,9188925
2025-09-05 11:01:36.390856+05:30,19.6,,9188925
2025-09-05 11:01:36.892545+05:30,19.65,,9188925
2025-09-05 11:01:38.185159+05:30,19.6,,9188925
2025-09-05 11:01:38.390569+05:30,19.7,,9188925
2025-09-05 11:01:39.250205+05:30,19.65,,9188925
2025-09-05 11:01:39.981622+05:30,19.65,,9188925
2025-09-05 11:01:40.235452+05:30,19.65,,9188925
2025-09-05 11:01:41.225824+05:30,19.65,,9188925
2025-09-05 11:01:41.408665+05:30,19.7,,9188925
2025-09-05 11:01:41.931266+05:30,19.7,,9188925
2025-09-05 11:01:43.197549+05:30,19.55,,9188925
2025-09-05 11:01:43.415226+05:30,19.55,,9188925
2025-09-05 11:01:44.199971+05:30,19.55,,9188925
2025-09-05 11:01:45.002554+05:30,19.55,,9188925
2025-09-05 11:01:45.141309+05:30,19.55,,9188925
2025-09-05 11:01:46.169379+05:30,19.6,,9188925
2025-09-05 11:01:46.407914+05:30,19.6,,9188925
2025-09-05 11:01:46.925992+05:30,19.65,,9188925
2025-09-05 11:01:48.268929+05:30,19.65,,9188925
2025-09-05 11:01:48.402806+05:30,19.7,,9188925
2025-09-05 11:01:49.235638+05:30,19.65,,9188925
2025-09-05 11:01:49.971584+05:30,19.55,,9188925
2025-09-05 11:01:50.177991+05:30,19.55,,9188925
2025-09-05 11:01:51.222402+05:30,19.55,,9188925
2025-09-05 11:01:51.392305+05:30,19.55,,9188925
2025-09-05 11:01:51.923603+05:30,19.55,,9188925
2025-09-05 11:01:53.267057+05:30,19.65,,9188925
2025-09-05 11:01:53.414523+05:30,19.6,,9188925
2025-09-05 11:01:54.162598+05:30,19.65,,9188925
2025-09-05 11:01:54.891872+05:30,19.6,,9188925
2025-09-05 11:01:55.191119+05:30,19.6,,9188925
2025-09-05 11:01:56.140575+05:30,19.7,,9188925
2025-09-05 11:01:56.472657+05:30,19.7,,9188925
2025-09-05 11:01:56.985354+05:30,19.75,,9188925
2025-09-05 11:01:57.163966+05:30,19.75,,9188925
2025-09-05 11:01:58.207650+05:30,19.75,,9188925
2025-09-05 11:01:58.424200+05:30,19.75,,9188925
2025-09-05 11:01:59.161799+05:30,19.75,,9188925
2025-09-05 11:01:59.926676+05:30,19.8,,9188925
2025-09-05 11:02:00.141354+05:30,19.8,,9188925
2025-09-05 11:02:01.208278+05:30,19.7,,9188925
2025-09-05 11:02:01.505081+05:30,19.8,,9188925
2025-09-05 11:02:02.015831+05:30,19.8,,9188925
2025-09-05 11:02:02.168080+05:30,19.8,,9188925
2025-09-05 11:02:03.203042+05:30,19.85,,9188925
2025-09-05 11:02:03.395408+05:30,19.8,,9188925
2025-09-05 11:02:04.229381+05:30,19.85,,9188925
2025-09-05 11:02:04.890553+05:30,19.7,,9188925
2025-09-05 11:02:05.211132+05:30,19.7,,9188925
2025-09-05 11:02:06.204238+05:30,19.65,,9188925
2025-09-05 11:02:06.428303+05:30,19.65,,9188925
2025-09-05 11:02:06.778948+05:30,19.7,,9188925
2025-09-05 11:02:07.197510+05:30,19.8,,9188925
2025-09-05 11:02:08.233918+05:30,19.7,,9188925
2025-09-05 11:02:08.457487+05:30,19.8,,9188925
2025-09-05 11:02:09.184133+05:30,19.85,,9188925
2025-09-05 11:02:10.009373+05:30,19.95,,9188925
2025-09-05 11:02:10.195052+05:30,19.95,,9188925
2025-09-05 11:02:11.199091+05:30,20.0,,9188925
2025-09-05 11:02:11.488285+05:30,19.95,,9188925
2025-09-05 11:02:11.661340+05:30,19.9,,9188925
2025-09-05 11:02:12.162430+05:30,19.8,,9188925
2025-09-05 11:02:13.160980+05:30,19.85,,9188925
2025-09-05 11:02:13.686488+05:30,19.7,,9188925
2025-09-05 11:02:14.180429+05:30,19.75,,9188925
2025-09-05 11:02:14.890841+05:30,19.65,,9188925
2025-09-05 11:02:15.154808+05:30,19.65,,9188925
2025-09-05 11:02:16.196599+05:30,19.6,,9188925
2025-09-05 11:02:16.527495+05:30,19.65,,9188925
2025-09-05 11:02:16.691242+05:30,19.65,,9188925
2025-09-05 11:02:17.163468+05:30,19.6,,9188925
2025-09-05 11:02:18.257220+05:30,19.6,,9188925
2025-09-05 11:02:18.731729+05:30,19.65,,9188925
2025-09-05 11:02:19.158194+05:30,19.55,,9188925
2025-09-05 11:02:19.984184+05:30,19.6,,9188925
2025-09-05 11:02:20.162290+05:30,19.65,,9188925
2025-09-05 11:02:21.180078+05:30,19.65,,9188925
2025-09-05 11:02:21.718318+05:30,19.6,,9188925
2025-09-05 11:02:22.168147+05:30,19.6,,9188925
2025-09-05 11:02:23.207034+05:30,19.6,,9188925
2025-09-05 11:02:23.390468+05:30,19.6,,9188925
2025-09-05 11:02:24.174899+05:30,19.6,,9188925
2025-09-05 11:02:24.698428+05:30,19.65,,9188925
2025-09-05 11:02:25.163493+05:30,19.65,,9188925
2025-09-05 11:02:26.442188+05:30,19.55,,9188925
2025-09-05 11:02:27.024908+05:30,19.5,,9188925
2025-09-05 11:02:27.208028+05:30,19.55,,9188925
2025-09-05 11:02:28.163220+05:30,19.6,,9188925
2025-09-05 11:02:28.390633+05:30,19.55,,9188925
2025-09-05 11:02:29.160080+05:30,19.55,,9188925
2025-09-05 11:02:29.661585+05:30,19.6,,9188925
2025-09-05 11:02:30.163880+05:30,19.6,,9188925
2025-09-05 11:02:30.724078+05:30,19.6,,9188925
2025-09-05 11:02:31.162787+05:30,19.6,,9188925
2025-09-05 11:02:31.761756+05:30,19.5,,9188925
2025-09-05 11:02:32.221710+05:30,19.6,,9188925
2025-09-05 11:02:33.186457+05:30,19.55,,9188925
2025-09-05 11:02:33.675848+05:30,19.6,,9188925
2025-09-05 11:02:34.162279+05:30,19.45,,9188925
2025-09-05 11:02:34.647088+05:30,19.45,,9188925
2025-09-05 11:02:35.261391+05:30,19.45,,9188925
2025-09-05 11:02:36.211762+05:30,19.4,,9188925
2025-09-05 11:02:36.435142+05:30,19.4,,9188925
2025-09-05 11:02:36.719280+05:30,19.35,,9188925
2025-09-05 11:02:37.232963+05:30,19.35,,9188925
2025-09-05 11:02:38.161725+05:30,19.35,,9188925
2025-09-05 11:02:38.390286+05:30,19.4,,9188925
2025-09-05 11:02:39.178957+05:30,19.3,,9188925
2025-09-05 11:02:39.907985+05:30,19.25,,9188925
2025-09-05 11:02:40.247576+05:30,19.15,,9188925
2025-09-05 11:02:41.164190+05:30,19.15,,9188925
2025-09-05 11:02:41.670076+05:30,19.15,,9188925
2025-09-05 11:02:41.958642+05:30,19.2,,9188925
2025-09-05 11:02:42.203190+05:30,19.25,,9188925
2025-09-05 11:02:43.160069+05:30,19.35,,9188925
2025-09-05 11:02:43.648689+05:30,19.3,,9188925
2025-09-05 11:02:44.141532+05:30,19.35,,9188925
2025-09-05 11:02:44.657375+05:30,19.4,,9188925
2025-09-05 11:02:45.246870+05:30,19.4,,9188925
2025-09-05 11:02:46.152405+05:30,19.2,,9188925
2025-09-05 11:02:46.404305+05:30,19.25,,9188925
2025-09-05 11:02:46.969507+05:30,19.25,,9188925
2025-09-05 11:02:47.157060+05:30,19.25,,9188925
2025-09-05 11:02:48.140265+05:30,19.2,,9188925
2025-09-05 11:02:48.700128+05:30,19.15,,9188925
2025-09-05 11:02:49.176877+05:30,19.15,,9188925
2025-09-05 11:02:49.650557+05:30,19.25,,9188925
2025-09-05 11:02:50.185959+05:30,19.25,,9188925
2025-09-05 11:02:50.413721+05:30,19.25,,9188925
2025-09-05 11:02:51.201301+05:30,19.3,,9188925
2025-09-05 11:02:51.390914+05:30,19.2,,9188925
2025-09-05 11:02:51.886412+05:30,19.25,,9188925
2025-09-05 11:02:52.162356+05:30,19.25,,9188925
2025-09-05 11:02:53.162120+05:30,19.25,,9188925
2025-09-05 11:02:53.717689+05:30,19.25,,9188925
2025-09-05 11:02:54.171657+05:30,19.2,,9188925
2025-09-05 11:02:55.015029+05:30,19.2,,9188925
2025-09-05 11:02:55.135115+05:30,19.2,,9188925
2025-09-05 11:02:56.196991+05:30,19.1,,9188925
2025-09-05 11:02:56.673531+05:30,19.25,,9188925
2025-09-05 11:02:57.192259+05:30,19.2,,9188925
2025-09-05 11:02:58.207196+05:30,19.15,,9188925
2025-09-05 11:02:58.640292+05:30,19.15,,9188925
2025-09-05 11:02:59.169634+05:30,19.15,,9188925
2025-09-05 11:03:00.043234+05:30,19.15,,9188925
2025-09-05 11:03:00.203900+05:30,19.1,,9188925
2025-09-05 11:03:00.483085+05:30,19.1,,9188925
2025-09-05 11:03:01.153644+05:30,19.15,,9188925
2025-09-05 11:03:01.423611+05:30,19.1,,9188925
2025-09-05 11:03:01.970323+05:30,19.1,,9188925
2025-09-05 11:03:02.234134+05:30,19.1,,9188925
2025-09-05 11:03:03.172353+05:30,19.05,,9188925
2025-09-05 11:03:03.477614+05:30,19.15,,9188925
2025-09-05 11:03:04.190282+05:30,19.1,,9188925
2025-09-05 11:03:04.977634+05:30,19.15,,9188925
2025-09-05 11:03:05.173692+05:30,19.15,,9188925
2025-09-05 11:03:06.140664+05:30,19.15,,9188925
2025-09-05 11:03:06.390827+05:30,19.1,,9188925
2025-09-05 11:03:07.028489+05:30,19.15,,9188925
2025-09-05 11:03:07.173840+05:30,19.1,,9188925
2025-09-05 11:03:08.164267+05:30,19.15,,9188925
2025-09-05 11:03:08.452810+05:30,19.1,,9188925
2025-09-05 11:03:09.215244+05:30,19.0,,9188925
2025-09-05 11:03:10.014692+05:30,19.05,,9188925
2025-09-05 11:03:10.211117+05:30,19.2,,9188925
2025-09-05 11:03:11.163340+05:30,19.2,,9188925
2025-09-05 11:03:11.405119+05:30,19.25,,9188925
2025-09-05 11:03:11.967571+05:30,19.25,,9188925
2025-09-05 11:03:12.233429+05:30,19.2,,9188925
2025-09-05 11:03:13.212258+05:30,18.95,,9188925
2025-09-05 11:03:13.437550+05:30,19.0,,9188925
2025-09-05 11:03:14.157442+05:30,19.05,,9188925
2025-09-05 11:03:14.966658+05:30,19.0,,9188925
2025-09-05 11:03:15.226426+05:30,19.05,,9188925
2025-09-05 11:03:16.177512+05:30,19.15,,9188925
2025-09-05 11:03:16.669351+05:30,19.1,,9188925
2025-09-05 11:03:17.005910+05:30,19.1,,9188925
2025-09-05 11:03:17.188957+05:30,19.1,,9188925
2025-09-05 11:03:18.220880+05:30,19.15,,9188925
2025-09-05 11:03:18.465130+05:30,19.15,,9188925
2025-09-05 11:03:19.140045+05:30,19.1,,9188925
2025-09-05 11:03:19.639985+05:30,19.15,,9188925
2025-09-05 11:03:20.165683+05:30,19.1,,9188925
2025-09-05 11:03:21.136402+05:30,19.1,,9188925
2025-09-05 11:03:21.741116+05:30,19.05,,9188925
2025-09-05 11:03:22.225139+05:30,19.0,,9188925
2025-09-05 11:03:23.159162+05:30,19.0,,9188925
2025-09-05 11:03:24.137490+05:30,19.15,,9188925
2025-09-05 11:03:24.679624+05:30,19.15,,9188925
2025-09-05 11:03:25.209382+05:30,19.15,,9188925
2025-09-05 11:03:26.151878+05:30,19.2,,9188925
2025-09-05 11:03:26.640040+05:30,19.2,,9188925
2025-09-05 11:03:27.140043+05:30,19.2,,9188925
2025-09-05 11:03:27.927480+05:30,19.25,,9188925
2025-09-05 11:03:28.156980+05:30,19.25,,9188925
2025-09-05 11:03:28.424799+05:30,19.2,,9188925
2025-09-05 11:03:29.245352+05:30,19.0,,9188925
2025-09-05 11:03:29.389964+05:30,19.05,,9188925
2025-09-05 11:03:29.890452+05:30,19.0,,9188925
2025-09-05 11:03:30.139958+05:30,19.0,,9188925
2025-09-05 11:03:30.676683+05:30,19.0,,9188925
2025-09-05 11:03:31.243981+05:30,18.95,,9188925
2025-09-05 11:03:31.457029+05:30,18.85,,9188925
2025-09-05 11:03:32.140677+05:30,18.95,,9188925
2025-09-05 11:03:33.008438+05:30,18.95,,9188925
2025-09-05 11:03:33.248561+05:30,18.95,,9188925
2025-09-05 11:03:34.166237+05:30,18.95,,9188925
2025-09-05 11:03:34.436476+05:30,18.9,,9188925
2025-09-05 11:03:35.005855+05:30,18.9,,9188925
2025-09-05 11:03:35.240392+05:30,18.85,,9188925
2025-09-05 11:03:36.271834+05:30,18.9,,9188925
2025-09-05 11:03:36.406750+05:30,18.8,,9188925
2025-09-05 11:03:37.172501+05:30,18.75,,9188925
2025-09-05 11:03:37.999267+05:30,18.8,,9188925
2025-09-05 11:03:38.237167+05:30,18.75,,9188925
2025-09-05 11:03:39.212736+05:30,18.8,,9188925
2025-09-05 11:03:39.661928+05:30,18.65,,9188925
2025-09-05 11:03:40.167261+05:30,18.65,,9188925
2025-09-05 11:03:41.239703+05:30,18.85,,9188925
2025-09-05 11:03:41.419488+05:30,18.85,,9188925
2025-09-05 11:03:42.154351+05:30,18.95,,9256575
2025-09-05 11:03:42.913560+05:30,19.0,,9256575
2025-09-05 11:03:43.229173+05:30,19.0,,9256575
2025-09-05 11:03:44.153183+05:30,18.95,,9256575
2025-09-05 11:03:44.390561+05:30,19.0,,9256575
2025-09-05 11:03:44.655389+05:30,19.05,,9256575
2025-09-05 11:03:45.188517+05:30,19.05,,9256575
2025-09-05 11:03:46.185311+05:30,18.95,,9256575
2025-09-05 11:03:46.449383+05:30,18.95,,9256575
2025-09-05 11:03:47.231695+05:30,18.8,,9256575
2025-09-05 11:03:48.019603+05:30,18.85,,9256575
2025-09-05 11:03:48.172721+05:30,18.9,,9256575
2025-09-05 11:03:49.191447+05:30,18.75,,9256575
2025-09-05 11:03:49.390718+05:30,18.75,,9256575
2025-09-05 11:03:49.639883+05:30,18.75,,9256575
2025-09-05 11:03:50.219268+05:30,18.75,,9256575
2025-09-05 11:03:51.197195+05:30,18.8,,9256575
2025-09-05 11:03:51.407683+05:30,18.65,,9256575
2025-09-05 11:03:52.147239+05:30,18.75,,9256575
2025-09-05 11:03:52.631095+05:30,18.7,,9256575
2025-09-05 11:03:53.217576+05:30,18.5,,9256575
2025-09-05 11:03:54.148633+05:30,18.4,,9256575
2025-09-05 11:03:54.405378+05:30,18.5,,9256575
2025-09-05 11:03:54.663993+05:30,18.5,,9256575
2025-09-05 11:03:55.182882+05:30,18.45,,9256575
2025-09-05 11:03:56.214147+05:30,18.5,,9256575
2025-09-05 11:03:56.421352+05:30,18.55,,9256575
2025-09-05 11:03:57.170430+05:30,18.65,,9256575
2025-09-05 11:03:57.636766+05:30,18.65,,9256575
2025-09-05 11:03:58.164928+05:30,18.55,,9256575
2025-09-05 11:03:59.169234+05:30,18.6,,9256575
2025-09-05 11:03:59.385393+05:30,18.65,,9256575
2025-09-05 11:03:59.666701+05:30,18.6,,9256575
2025-09-05 11:04:00.244664+05:30,18.7,,9256575
2025-09-05 11:04:00.634980+05:30,18.7,,9256575
2025-09-05 11:04:01.194515+05:30,18.7,,9256575
2025-09-05 11:04:01.663801+05:30,18.7,,9256575
2025-09-05 11:04:02.209559+05:30,18.65,,9256575
2025-09-05 11:04:02.642458+05:30,18.8,,9256575
2025-09-05 11:04:03.230745+05:30,18.85,,9256575
2025-09-05 11:04:04.251877+05:30,18.85,,9256575
2025-09-05 11:04:04.673117+05:30,18.85,,9256575
2025-09-05 11:04:05.184201+05:30,18.9,,9256575
2025-09-05 11:04:06.205315+05:30,19.0,,9256575
2025-09-05 11:04:06.433470+05:30,18.9,,9256575
2025-09-05 11:04:07.134888+05:30,18.95,,9256575
2025-09-05 11:04:07.634838+05:30,19.05,,9256575
2025-09-05 11:04:08.161757+05:30,19.0,,9256575
2025-09-05 11:04:09.198945+05:30,18.95,,9256575
2025-09-05 11:04:09.394846+05:30,19.05,,9256575
2025-09-05 11:04:09.670187+05:30,19.0,,9256575
2025-09-05 11:04:10.147337+05:30,19.05,,9256575
2025-09-05 11:04:11.160279+05:30,19.1,,9256575
2025-09-05 11:04:11.420781+05:30,19.05,,9256575
2025-09-05 11:04:12.159416+05:30,18.9,,9256575
2025-09-05 11:04:12.645396+05:30,18.95,,9256575
2025-09-05 11:04:13.333435+05:30,18.85,,9256575
2025-09-05 11:04:14.227322+05:30,18.95,,9256575
2025-09-05 11:04:14.389710+05:30,18.9,,9256575
2025-09-05 11:04:14.657269+05:30,18.95,,9256575
2025-09-05 11:04:15.157272+05:30,18.95,,9256575
2025-09-05 11:04:16.168552+05:30,19.05,,9256575
2025-09-05 11:04:17.193723+05:30,19.1,,9256575
2025-09-05 11:04:17.694937+05:30,19.05,,9256575
2025-09-05 11:04:17.944855+05:30,19.15,,9256575
2025-09-05 11:04:18.288493+05:30,19.15,,9256575
2025-09-05 11:04:19.156053+05:30,19.2,,9256575
2025-09-05 11:04:19.431659+05:30,19.25,,9256575
2025-09-05 11:04:20.179321+05:30,19.25,,9256575
2025-09-05 11:04:20.906384+05:30,19.25,,9256575
2025-09-05 11:04:21.171252+05:30,19.2,,9256575
2025-09-05 11:04:21.473626+05:30,19.2,,9256575
2025-09-05 11:04:22.242234+05:30,19.25,,9256575
2025-09-05 11:04:22.689474+05:30,19.3,,9256575
2025-09-05 11:04:22.947900+05:30,19.3,,9256575
2025-09-05 11:04:23.244344+05:30,19.3,,9256575
2025-09-05 11:04:24.196585+05:30,19.25,,9256575
2025-09-05 11:04:24.395848+05:30,19.3,,9256575
2025-09-05 11:04:25.171030+05:30,19.35,,9256575
2025-09-05 11:04:25.905484+05:30,19.35,,9256575
2025-09-05 11:04:26.136215+05:30,19.45,,9256575
2025-09-05 11:04:27.197394+05:30,19.35,,9256575
2025-09-05 11:04:27.670615+05:30,19.45,,9256575
2025-09-05 11:04:27.940249+05:30,19.4,,9256575
2025-09-05 11:04:28.193987+05:30,19.4,,9256575
2025-09-05 11:04:29.244490+05:30,19.45,,9256575
2025-09-05 11:04:29.420979+05:30,19.45,,9256575
2025-09-05 11:04:29.680535+05:30,19.45,,9256575
2025-09-05 11:04:30.287468+05:30,19.45,,9256575
2025-09-05 11:04:30.674293+05:30,19.45,,9256575
2025-09-05 11:04:30.885799+05:30,21.25,,9256575
2025-09-05 11:04:31.524653+05:30,21.15,,9256575
2025-09-05 11:04:32.252903+05:30,20.85,,9256575
2025-09-05 11:04:32.390171+05:30,20.95,,9256575
2025-09-05 11:04:32.639541+05:30,20.75,,9256575
2025-09-05 11:04:32.901763+05:30,20.85,,9256575
2025-09-05 11:04:33.250240+05:30,20.95,,9256575
2025-09-05 11:04:34.253805+05:30,20.8,,9256575
2025-09-05 11:04:34.387786+05:30,20.85,,9256575
2025-09-05 11:04:35.139845+05:30,20.85,,9256575
2025-09-05 11:04:35.994129+05:30,20.55,,9256575
2025-09-05 11:04:36.197034+05:30,20.5,,9256575
2025-09-05 11:04:37.233448+05:30,20.55,,9256575
2025-09-05 11:04:37.685453+05:30,20.55,,9256575
2025-09-05 11:04:37.988578+05:30,20.55,,9256575
2025-09-05 11:04:38.135412+05:30,20.6,,9256575
2025-09-05 11:04:39.143458+05:30,20.55,,9256575
2025-09-05 11:04:39.389790+05:30,20.45,,9256575
2025-09-05 11:04:40.189442+05:30,20.45,,9256575
2025-09-05 11:04:40.928122+05:30,20.55,,9256575
2025-09-05 11:04:41.234413+05:30,20.5,,9256575
2025-09-05 11:04:42.179144+05:30,20.55,,9256575
2025-09-05 11:04:42.384765+05:30,20.6,,9256575
2025-09-05 11:04:42.886980+05:30,20.45,,9256575
2025-09-05 11:04:43.281576+05:30,20.45,,9256575
2025-09-05 11:04:44.175567+05:30,20.6,,9256575
2025-09-05 11:04:44.652105+05:30,20.6,,9256575
2025-09-05 11:04:45.164268+05:30,20.5,,9256575
2025-09-05 11:04:45.970922+05:30,20.35,,9256575
2025-09-05 11:04:46.158922+05:30,20.3,,9256575
2025-09-05 11:04:47.175265+05:30,20.4,,9256575
2025-09-05 11:04:47.432357+05:30,20.35,,9256575
2025-09-05 11:04:48.260802+05:30,20.45,,9256575
2025-09-05 11:04:49.204157+05:30,20.45,,9256575
2025-09-05 11:04:49.759805+05:30,20.65,,9256575
2025-09-05 11:04:50.257157+05:30,20.55,,9256575
2025-09-05 11:04:50.922692+05:30,20.55,,9256575
2025-09-05 11:04:51.199077+05:30,20.65,,9256575
2025-09-05 11:04:52.244309+05:30,20.6,,9256575
2025-09-05 11:04:52.495091+05:30,20.65,,9256575
2025-09-05 11:04:52.965873+05:30,20.65,,9256575
2025-09-05 11:04:53.205522+05:30,20.7,,9256575
2025-09-05 11:04:54.149997+05:30,20.75,,9256575
2025-09-05 11:04:54.675920+05:30,20.85,,9256575
2025-09-05 11:04:55.140562+05:30,20.75,,9256575
2025-09-05 11:04:55.951913+05:30,20.75,,9256575
2025-09-05 11:04:56.175057+05:30,20.75,,9256575
2025-09-05 11:04:57.303691+05:30,20.7,,9256575
2025-09-05 11:04:57.696119+05:30,20.8,,9256575
2025-09-05 11:04:58.172064+05:30,20.75,,9256575
2025-09-05 11:04:59.158382+05:30,20.95,,9256575
2025-09-05 11:04:59.646278+05:30,21.15,,9256575
2025-09-05 11:05:00.248692+05:30,21.25,,9256575
2025-09-05 11:05:00.484126+05:30,21.25,,9256575
2025-09-05 11:05:01.172869+05:30,21.15,,9256575
2025-09-05 11:05:02.253167+05:30,20.95,,9256575
2025-09-05 11:05:02.658997+05:30,21.15,,9256575
2025-09-05 11:05:02.936985+05:30,21.05,,9256575
2025-09-05 11:05:03.189590+05:30,21.1,,9256575
2025-09-05 11:05:04.152313+05:30,21.3,,9256575
2025-09-05 11:05:04.426303+05:30,21.3,,9256575
2025-09-05 11:05:04.707554+05:30,21.35,,9256575
2025-09-05 11:05:05.236300+05:30,21.35,,9256575
2025-09-05 11:05:06.230289+05:30,21.5,,9256575
2025-09-05 11:05:07.182578+05:30,21.5,,9256575
2025-09-05 11:05:07.682369+05:30,21.4,,9256575
2025-09-05 11:05:08.177284+05:30,21.25,,9256575
2025-09-05 11:05:09.200151+05:30,21.0,,9256575
2025-09-05 11:05:09.639566+05:30,21.05,,9256575
2025-09-05 11:05:10.215352+05:30,21.3,,9256575
2025-09-05 11:05:11.228811+05:30,21.45,,9256575
2025-09-05 11:05:12.270921+05:30,21.55,,9256575
2025-09-05 11:05:12.679988+05:30,21.6,,9256575
2025-09-05 11:05:13.144863+05:30,21.65,,9256575
2025-09-05 11:05:14.245759+05:30,21.65,,9256575
2025-09-05 11:05:14.897086+05:30,21.7,,9256575
2025-09-05 11:05:15.264389+05:30,21.65,,9256575
2025-09-05 11:05:16.153423+05:30,21.7,,9256575
2025-09-05 11:05:17.197955+05:30,21.6,,9256575
2025-09-05 11:05:17.639567+05:30,21.45,,9256575
2025-09-05 11:05:17.954116+05:30,21.35,,9256575
2025-09-05 11:05:18.154734+05:30,21.15,,9256575
2025-09-05 11:05:19.183463+05:30,21.2,,9256575
2025-09-05 11:05:19.389573+05:30,21.2,,9256575
2025-09-05 11:05:20.139690+05:30,21.2,,9256575
2025-09-05 11:05:20.911356+05:30,21.1,,9256575
2025-09-05 11:05:21.166488+05:30,21.0,,9256575
2025-09-05 11:05:22.140301+05:30,21.0,,9256575
2025-09-05 11:05:22.404700+05:30,20.85,,9256575
2025-09-05 11:05:22.937166+05:30,20.8,,9256575
2025-09-05 11:05:23.233456+05:30,20.8,,9256575
2025-09-05 11:05:24.249485+05:30,20.8,,9256575
2025-09-05 11:05:24.473757+05:30,20.8,,9256575
2025-09-05 11:05:25.210313+05:30,20.95,,9256575
2025-09-05 11:05:25.925621+05:30,20.95,,9256575
2025-09-05 11:05:26.166411+05:30,21.0,,9256575
2025-09-05 11:05:27.249362+05:30,20.9,,9256575
2025-09-05 11:05:27.444319+05:30,20.9,,9256575
2025-09-05 11:05:27.885594+05:30,20.9,,9256575
2025-09-05 11:05:28.216070+05:30,20.9,,9256575
2025-09-05 11:05:29.171389+05:30,20.9,,9256575
2025-09-05 11:05:29.389770+05:30,20.9,,9256575
2025-09-05 11:05:30.244423+05:30,20.85,,9256575
2025-09-05 11:05:30.672950+05:30,20.85,,9256575
2025-09-05 11:05:30.984083+05:30,20.8,,9256575
2025-09-05 11:05:31.139381+05:30,20.8,,9256575
2025-09-05 11:05:32.280216+05:30,20.75,,9256575
2025-09-05 11:05:32.389147+05:30,20.9,,9256575
2025-09-05 11:05:32.889961+05:30,20.8,,9256575
2025-09-05 11:05:33.218921+05:30,20.85,,9256575
2025-09-05 11:05:34.214402+05:30,20.95,,9256575
2025-09-05 11:05:34.552000+05:30,20.85,,9256575
2025-09-05 11:05:35.152996+05:30,20.95,,9256575
2025-09-05 11:05:35.994737+05:30,20.95,,9256575
2025-09-05 11:05:36.169613+05:30,20.95,,9256575
2025-09-05 11:05:37.200023+05:30,20.9,,9256575
2025-09-05 11:05:37.761494+05:30,20.85,,9256575
2025-09-05 11:05:37.921295+05:30,20.85,,9256575
2025-09-05 11:05:38.176157+05:30,20.8,,9256575
2025-09-05 11:05:39.216566+05:30,20.9,,9256575
2025-09-05 11:05:39.411913+05:30,20.95,,9256575
2025-09-05 11:05:40.139728+05:30,20.95,,9256575
2025-09-05 11:05:40.934422+05:30,20.85,,9256575
2025-09-05 11:05:41.162739+05:30,20.8,,9256575
2025-09-05 11:05:42.207225+05:30,20.65,,9256575
2025-09-05 11:05:42.730400+05:30,20.65,,9256575
2025-09-05 11:05:42.979250+05:30,20.65,,9256575
2025-09-05 11:05:43.137620+05:30,20.75,,9256575
2025-09-05 11:05:44.324564+05:30,20.65,,9256575
2025-09-05 11:05:44.639169+05:30,20.6,,9256575
2025-09-05 11:05:45.208447+05:30,20.65,,9256575
2025-09-05 11:05:45.978706+05:30,20.6,,9256575
2025-09-05 11:05:46.237152+05:30,20.55,,9256575
2025-09-05 11:05:47.140592+05:30,20.65,,9256575
2025-09-05 11:05:47.462689+05:30,20.7,,9256575
2025-09-05 11:05:47.906303+05:30,20.65,,9256575
2025-09-05 11:05:48.219067+05:30,20.65,,9256575
2025-09-05 11:05:49.199134+05:30,20.7,,9256575
2025-09-05 11:05:49.385705+05:30,20.55,,9256575
2025-09-05 11:05:50.179039+05:30,20.55,,9256575
2025-09-05 11:05:50.998461+05:30,20.5,,9256575
2025-09-05 11:05:51.171588+05:30,20.45,,9256575
2025-09-05 11:05:52.167712+05:30,20.4,,9256575
2025-09-05 11:05:52.668895+05:30,20.4,,9256575
2025-09-05 11:05:53.003525+05:30,20.35,,9256575
2025-09-05 11:05:53.194828+05:30,20.35,,9256575
2025-09-05 11:05:54.156461+05:30,20.3,,9256575
2025-09-05 11:05:54.389178+05:30,20.3,,9256575
2025-09-05 11:05:55.247656+05:30,20.25,,9256575
2025-09-05 11:05:55.884192+05:30,20.35,,9256575
2025-09-05 11:05:56.219126+05:30,20.35,,9256575
2025-09-05 11:05:57.207687+05:30,20.35,,9256575
2025-09-05 11:05:57.429618+05:30,20.25,,9256575
2025-09-05 11:05:57.916507+05:30,20.35,,9256575
2025-09-05 11:05:58.221112+05:30,20.3,,9256575
2025-09-05 11:05:59.180463+05:30,20.35,,9256575
2025-09-05 11:05:59.389125+05:30,20.35,,9256575
2025-09-05 11:05:59.638954+05:30,20.4,,9256575
2025-09-05 11:06:00.161373+05:30,20.45,,9256575
2025-09-05 11:06:00.411744+05:30,20.45,,9256575
2025-09-05 11:06:01.016699+05:30,20.5,,9256575
2025-09-05 11:06:01.222779+05:30,20.45,,9256575
2025-09-05 11:06:02.161751+05:30,20.55,,9256575
2025-09-05 11:06:02.479356+05:30,20.55,,9256575
2025-09-05 11:06:02.932526+05:30,20.55,,9256575
2025-09-05 11:06:03.391944+05:30,20.6,,9256575
2025-09-05 11:06:04.479745+05:30,20.55,,9256575
2025-09-05 11:06:05.467331+05:30,20.6,,9256575
2025-09-05 11:06:05.929522+05:30,20.55,,9256575
2025-09-05 11:06:06.166167+05:30,20.55,,9256575
2025-09-05 11:06:07.161376+05:30,20.6,,9256575
2025-09-05 11:06:07.487797+05:30,20.5,,9256575
2025-09-05 11:06:07.922401+05:30,20.3,,9256575
2025-09-05 11:06:08.147419+05:30,20.3,,9256575
2025-09-05 11:06:09.239104+05:30,20.4,,9256575
2025-09-05 11:06:09.492082+05:30,20.35,,9256575
2025-09-05 11:06:10.394236+05:30,20.35,,9256575
2025-09-05 11:06:10.928085+05:30,20.3,,9256575
2025-09-05 11:06:11.199975+05:30,20.35,,9256575
2025-09-05 11:06:12.389506+05:30,20.5,,9256575
2025-09-05 11:06:12.917868+05:30,20.65,,9256575
2025-09-05 11:06:13.432976+05:30,20.55,,9256575
2025-09-05 11:06:14.172479+05:30,20.6,,9256575
2025-09-05 11:06:14.473784+05:30,20.55,,9256575
2025-09-05 11:06:15.271442+05:30,20.6,,9256575
2025-09-05 11:06:15.959152+05:30,20.75,,9256575
2025-09-05 11:06:16.206762+05:30,20.75,,9256575
2025-09-05 11:06:17.471223+05:30,20.55,,9256575
2025-09-05 11:06:17.928211+05:30,20.55,,9256575
2025-09-05 11:06:18.173029+05:30,20.6,,9256575
2025-09-05 11:06:19.198803+05:30,20.45,,9256575
2025-09-05 11:06:19.638841+05:30,20.5,,9256575
2025-09-05 11:06:20.467414+05:30,20.45,,9256575
2025-09-05 11:06:20.937638+05:30,20.4,,9256575
2025-09-05 11:06:21.161833+05:30,20.45,,9256575
2025-09-05 11:06:22.163685+05:30,20.5,,9256575
2025-09-05 11:06:22.471921+05:30,20.5,,9256575
2025-09-05 11:06:22.637427+05:30,20.5,,9256575
2025-09-05 11:06:23.190650+05:30,20.5,,9256575
2025-09-05 11:06:24.169159+05:30,20.65,,9256575
2025-09-05 11:06:24.412101+05:30,20.7,,9256575
2025-09-05 11:06:25.479074+05:30,20.85,,9256575
2025-09-05 11:06:25.896557+05:30,20.85,,9256575
2025-09-05 11:06:26.191659+05:30,20.85,,9256575
2025-09-05 11:06:27.488628+05:30,21.15,,9256575
2025-09-05 11:06:27.635990+05:30,21.2,,9256575
2025-09-05 11:06:28.481081+05:30,21.25,,9256575
2025-09-05 11:06:29.169466+05:30,21.25,,9256575
2025-09-05 11:06:29.487236+05:30,21.25,,9256575
2025-09-05 11:06:30.416522+05:30,21.3,,9256575
2025-09-05 11:06:30.639091+05:30,21.3,,9256575
2025-09-05 11:06:30.911243+05:30,21.55,,9256575
2025-09-05 11:06:31.144261+05:30,21.45,,9256575
2025-09-05 11:06:31.432558+05:30,21.45,,9256575
2025-09-05 11:06:32.202282+05:30,21.55,,9256575
2025-09-05 11:06:32.389074+05:30,21.35,,9256575
2025-09-05 11:06:32.638885+05:30,21.3,,9256575
2025-09-05 11:06:33.166256+05:30,21.45,,9256575
2025-09-05 11:06:34.135308+05:30,21.15,,9256575
2025-09-05 11:06:34.489528+05:30,21.25,,9256575
2025-09-05 11:06:35.388881+05:30,21.25,,9256575
2025-09-05 11:06:35.954416+05:30,21.35,,9256575
2025-09-05 11:06:36.213360+05:30,21.45,,9256575
2025-09-05 11:06:37.482728+05:30,21.45,,9256575
2025-09-05 11:06:37.638860+05:30,21.35,,9256575
2025-09-05 11:06:38.417695+05:30,21.2,,9256575
2025-09-05 11:06:39.229755+05:30,21.2,,9256575
2025-09-05 11:06:39.636505+05:30,21.2,,9256575
2025-09-05 11:06:40.174355+05:30,21.2,,9256575
2025-09-05 11:06:40.963623+05:30,21.2,,9256575
2025-09-05 11:06:41.166318+05:30,21.2,,9249300
2025-09-05 11:06:42.166435+05:30,21.1,,9249300
2025-09-05 11:06:42.446880+05:30,21.1,,9249300
2025-09-05 11:06:42.638800+05:30,21.1,,9249300
2025-09-05 11:06:43.403391+05:30,21.1,,9249300
2025-09-05 11:06:44.135661+05:30,21.1,,9249300
2025-09-05 11:06:44.480942+05:30,21.1,,9249300
2025-09-05 11:06:45.433513+05:30,21.0,,9249300
2025-09-05 11:06:45.910685+05:30,20.95,,9249300
2025-09-05 11:06:46.197979+05:30,20.9,,9249300
2025-09-05 11:06:47.439041+05:30,20.95,,9249300
2025-09-05 11:06:47.638697+05:30,20.85,,9249300
2025-09-05 11:06:48.388822+05:30,20.85,,9249300
2025-09-05 11:06:49.202804+05:30,20.85,,9249300
2025-09-05 11:06:49.419056+05:30,20.85,,9249300
2025-09-05 11:06:50.257163+05:30,20.9,,9249300
2025-09-05 11:06:50.935064+05:30,20.95,,9249300
2025-09-05 11:06:51.133887+05:30,20.95,,9249300
2025-09-05 11:06:52.459708+05:30,20.9,,9249300
2025-09-05 11:06:52.889306+05:30,21.0,,9249300
2025-09-05 11:06:53.388791+05:30,20.9,,9249300
2025-09-05 11:06:54.215918+05:30,21.0,,9249300
2025-09-05 11:06:54.660723+05:30,20.95,,9249300
2025-09-05 11:06:55.456756+05:30,21.1,,9249300
2025-09-05 11:06:55.932576+05:30,21.05,,9249300
2025-09-05 11:06:56.139738+05:30,21.0,,9249300
2025-09-05 11:06:57.200297+05:30,20.95,,9249300
2025-09-05 11:06:57.434729+05:30,20.95,,9249300
2025-09-05 11:06:57.988302+05:30,20.95,,9249300
2025-09-05 11:06:58.409470+05:30,21.0,,9249300
2025-09-05 11:06:59.138771+05:30,20.95,,9249300
2025-09-05 11:06:59.394540+05:30,21.0,,9249300
2025-09-05 11:06:59.703980+05:30,20.95,,9249300
2025-09-05 11:07:00.434431+05:30,20.8,,9249300
2025-09-05 11:07:00.928662+05:30,20.8,,9249300
2025-09-05 11:07:01.388890+05:30,20.7,,9249300
2025-09-05 11:07:02.133862+05:30,20.85,,9249300
2025-09-05 11:07:02.638636+05:30,20.85,,9249300
2025-09-05 11:07:02.912090+05:30,20.85,,9249300
2025-09-05 11:07:03.274028+05:30,20.8,,9249300
2025-09-05 11:07:04.246122+05:30,20.8,,9249300
2025-09-05 11:07:04.638691+05:30,20.9,,9249300
2025-09-05 11:07:05.389479+05:30,21.0,,9249300
2025-09-05 11:07:05.943538+05:30,20.95,,9249300
2025-09-05 11:07:06.243477+05:30,21.0,,9249300
2025-09-05 11:07:07.450260+05:30,21.0,,9249300
2025-09-05 11:07:07.942738+05:30,21.0,,9249300
2025-09-05 11:07:08.228530+05:30,21.15,,9249300
2025-09-05 11:07:09.158704+05:30,21.0,,9249300
2025-09-05 11:07:09.469669+05:30,21.0,,9249300
2025-09-05 11:07:09.655701+05:30,21.05,,9249300
2025-09-05 11:07:10.410766+05:30,21.05,,9249300
2025-09-05 11:07:10.942237+05:30,21.05,,9249300
2025-09-05 11:07:11.388684+05:30,21.15,,9249300
2025-09-05 11:07:12.470745+05:30,21.15,,9249300
2025-09-05 11:07:12.915614+05:30,21.15,,9249300
2025-09-05 11:07:13.459846+05:30,21.1,,9249300
2025-09-05 11:07:14.138922+05:30,21.15,,9249300
2025-09-05 11:07:14.724840+05:30,21.25,,9249300
2025-09-05 11:07:15.150475+05:30,21.3,,9249300
2025-09-05 11:07:16.236521+05:30,21.2,,9249300
2025-09-05 11:07:17.455900+05:30,21.4,,9249300
2025-09-05 11:07:17.638689+05:30,21.45,,9249300
2025-09-05 11:07:17.962051+05:30,21.45,,9249300
2025-09-05 11:07:18.384448+05:30,21.35,,9249300
2025-09-05 11:07:19.417444+05:30,21.5,,9249300
2025-09-05 11:07:20.451847+05:30,21.5,,9249300
2025-09-05 11:07:21.287987+05:30,21.45,,9249300
2025-09-05 11:07:21.388806+05:30,21.35,,9249300
2025-09-05 11:07:22.226434+05:30,21.25,,9249300
2025-09-05 11:07:22.640486+05:30,21.15,,9249300
2025-09-05 11:07:22.926978+05:30,21.1,,9249300
2025-09-05 11:07:23.278730+05:30,21.15,,9249300
2025-09-05 11:07:24.219624+05:30,21.1,,9249300
2025-09-05 11:07:24.479176+05:30,21.2,,9249300
2025-09-05 11:07:25.213845+05:30,21.15,,9249300
2025-09-05 11:07:26.231559+05:30,21.05,,9249300
2025-09-05 11:07:27.144131+05:30,21.05,,9249300
2025-09-05 11:07:27.720597+05:30,21.1,,9249300
2025-09-05 11:07:28.236564+05:30,21.1,,9249300
2025-09-05 11:07:29.239962+05:30,21.15,,9249300
2025-09-05 11:07:29.437470+05:30,21.15,,9249300
2025-09-05 11:07:30.423645+05:30,21.2,,9249300
2025-09-05 11:07:30.692627+05:30,21.2,,9249300
2025-09-05 11:07:30.971192+05:30,21.2,,9249300
2025-09-05 11:07:31.186987+05:30,21.15,,9249300
2025-09-05 11:07:32.454362+05:30,20.85,,9249300
2025-09-05 11:07:32.676760+05:30,20.85,,9249300
2025-09-05 11:07:33.487951+05:30,20.85,,9249300
2025-09-05 11:07:34.138770+05:30,20.7,,9249300
2025-09-05 11:07:34.416022+05:30,20.65,,9249300
2025-09-05 11:07:35.388592+05:30,20.55,,9249300
2025-09-05 11:07:35.931996+05:30,20.6,,9249300
2025-09-05 11:07:36.138553+05:30,20.6,,9249300
2025-09-05 11:07:37.447202+05:30,20.7,,9249300
2025-09-05 11:07:37.716701+05:30,20.8,,9249300
2025-09-05 11:07:38.427847+05:30,20.85,,9249300
2025-09-05 11:07:39.496510+05:30,20.8,,9249300
2025-09-05 11:07:40.475202+05:30,21.0,,9249300
2025-09-05 11:07:40.945529+05:30,20.9,,9249300
2025-09-05 11:07:41.196660+05:30,20.95,,9249300
2025-09-05 11:07:41.396688+05:30,20.85,,9249300
2025-09-05 11:07:42.182106+05:30,20.9,,9249300
2025-09-05 11:07:42.638691+05:30,20.9,,9249300
2025-09-05 11:07:43.388620+05:30,20.9,,9249300
2025-09-05 11:07:44.403285+05:30,20.8,,9249300
2025-09-05 11:07:45.388574+05:30,20.8,,9249300
2025-09-05 11:07:45.954078+05:30,20.9,,9249300
2025-09-05 11:07:46.146565+05:30,20.9,,9249300
2025-09-05 11:07:46.410443+05:30,20.9,,9249300
2025-09-05 11:07:47.460700+05:30,20.85,,9249300
2025-09-05 11:07:47.665689+05:30,20.95,,9249300
2025-09-05 11:07:48.138539+05:30,20.85,,9249300
2025-09-05 11:07:49.242339+05:30,20.85,,9249300
2025-09-05 11:07:50.135626+05:30,20.8,,9249300
2025-09-05 11:07:50.933208+05:30,20.75,,9249300
2025-09-05 11:07:51.207427+05:30,20.65,,9249300
2025-09-05 11:07:52.234478+05:30,20.65,,9249300
2025-09-05 11:07:52.442202+05:30,20.65,,9249300
2025-09-05 11:07:52.656606+05:30,20.6,,9249300
2025-09-05 11:07:53.255649+05:30,20.5,,9249300
2025-09-05 11:07:54.165912+05:30,20.55,,9249300
2025-09-05 11:07:55.439410+05:30,20.75,,9249300
2025-09-05 11:07:55.895462+05:30,20.65,,9249300
2025-09-05 11:07:56.177521+05:30,20.75,,9249300
2025-09-05 11:07:57.462508+05:30,20.8,,9249300
2025-09-05 11:07:57.638489+05:30,20.75,,9249300
2025-09-05 11:07:58.463618+05:30,20.75,,9249300
2025-09-05 11:07:59.266532+05:30,20.75,,9249300
2025-09-05 11:07:59.508425+05:30,20.75,,9249300
2025-09-05 11:08:00.221469+05:30,20.75,,9249300
2025-09-05 11:08:00.459116+05:30,20.75,,9249300
2025-09-05 11:08:00.913273+05:30,20.7,,9249300
2025-09-05 11:08:01.493282+05:30,20.65,,9249300
2025-09-05 11:08:02.445046+05:30,20.4,,9249300
2025-09-05 11:08:02.677591+05:30,20.35,,9249300
2025-09-05 11:08:03.196794+05:30,20.3,,9249300
2025-09-05 11:08:04.160851+05:30,19.8,,9249300
2025-09-05 11:08:04.506154+05:30,19.85,,9249300
2025-09-05 11:08:05.422262+05:30,19.85,,9249300
2025-09-05 11:08:05.668271+05:30,19.8,,9249300
2025-09-05 11:08:05.941233+05:30,19.8,,9249300
2025-09-05 11:08:06.245419+05:30,19.8,,9249300
2025-09-05 11:08:07.208444+05:30,19.8,,9249300
2025-09-05 11:08:07.665765+05:30,19.7,,9249300
2025-09-05 11:08:08.514889+05:30,19.8,,9249300
2025-09-05 11:08:09.155142+05:30,19.7,,9249300
2025-09-05 11:08:09.393851+05:30,19.8,,9249300
2025-09-05 11:08:10.396733+05:30,19.75,,9249300
2025-09-05 11:08:10.682883+05:30,19.8,,9249300
2025-09-05 11:08:10.904591+05:30,19.9,,9249300
2025-09-05 11:08:11.470260+05:30,19.9,,9249300
2025-09-05 11:08:12.388281+05:30,19.9,,9249300
2025-09-05 11:08:13.203471+05:30,19.9,,9249300
2025-09-05 11:08:14.228313+05:30,19.9,,9249300
2025-09-05 11:08:14.492263+05:30,19.8,,9249300
2025-09-05 11:08:15.466512+05:30,19.95,,9249300
2025-09-05 11:08:15.655027+05:30,19.95,,9249300
2025-09-05 11:08:15.890297+05:30,19.95,,9249300
2025-09-05 11:08:16.530481+05:30,19.95,,9249300
2025-09-05 11:08:17.432670+05:30,19.95,,9249300
2025-09-05 11:08:18.214040+05:30,19.85,,9249300
2025-09-05 11:08:19.171340+05:30,20.0,,9249300
2025-09-05 11:08:20.532309+05:30,19.95,,9249300
2025-09-05 11:08:20.643341+05:30,19.85,,9249300
2025-09-05 11:08:20.976224+05:30,19.95,,9249300
2025-09-05 11:08:21.397219+05:30,19.85,,9249300
2025-09-05 11:08:22.388269+05:30,19.9,,9249300
2025-09-05 11:08:23.262939+05:30,19.9,,9249300
2025-09-05 11:08:24.189870+05:30,19.9,,9249300
2025-09-05 11:08:24.384497+05:30,19.9,,9249300
2025-09-05 11:08:25.160715+05:30,19.65,,9249300
2025-09-05 11:08:25.653350+05:30,19.65,,9249300
2025-09-05 11:08:26.180278+05:30,19.8,,9249300
2025-09-05 11:08:27.177262+05:30,19.85,,9249300
2025-09-05 11:08:27.405178+05:30,19.75,,9249300
2025-09-05 11:08:28.189523+05:30,19.7,,9249300
2025-09-05 11:08:29.184710+05:30,19.85,,9249300
2025-09-05 11:08:29.429172+05:30,19.85,,9249300
2025-09-05 11:08:30.196564+05:30,19.85,,9249300
2025-09-05 11:08:30.692854+05:30,19.8,,9249300
2025-09-05 11:08:31.460705+05:30,19.75,,9249300
2025-09-05 11:08:32.395529+05:30,19.65,,9249300
2025-09-05 11:08:33.452397+05:30,19.7,,9249300
2025-09-05 11:08:34.209937+05:30,19.7,,9249300
2025-09-05 11:08:35.489971+05:30,19.7,,9249300
2025-09-05 11:08:35.633264+05:30,19.65,,9249300
2025-09-05 11:08:36.225319+05:30,19.65,,9249300
2025-09-05 11:08:37.496454+05:30,19.7,,9249300
2025-09-05 11:08:38.469214+05:30,19.75,,9249300
2025-09-05 11:08:39.176934+05:30,19.75,,9249300
2025-09-05 11:08:40.143439+05:30,19.75,,9249300
2025-09-05 11:08:40.672460+05:30,19.75,,9249300
2025-09-05 11:08:42.221779+05:30,19.7,,9249300
2025-09-05 11:08:42.725279+05:30,19.7,,9249300
2025-09-05 11:08:43.253701+05:30,19.65,,9249300
2025-09-05 11:08:43.479464+05:30,19.6,,9249300
2025-09-05 11:08:44.312464+05:30,19.6,,9249300
2025-09-05 11:08:44.480681+05:30,19.6,,9249300
2025-09-05 11:08:45.426796+05:30,19.65,,9249300
2025-09-05 11:08:45.660963+05:30,19.65,,9249300
2025-09-05 11:08:46.489611+05:30,19.85,,9249300
2025-09-05 11:08:47.419324+05:30,19.95,,9249300
2025-09-05 11:08:48.388660+05:30,19.95,,9249300
2025-09-05 11:08:48.887959+05:30,20.0,,9249300
2025-09-05 11:08:49.434998+05:30,20.05,,9249300
2025-09-05 11:08:50.220504+05:30,20.05,,9249300
2025-09-05 11:08:50.672178+05:30,20.0,,9249300
2025-09-05 11:08:51.400526+05:30,20.1,,9249300
2025-09-05 11:08:52.435963+05:30,20.15,,9249300
2025-09-05 11:08:53.439152+05:30,20.15,,9249300
2025-09-05 11:08:53.908724+05:30,20.25,,9249300
2025-09-05 11:08:54.406374+05:30,20.2,,9249300
2025-09-05 11:08:55.410398+05:30,20.15,,9249300
2025-09-05 11:08:56.388450+05:30,20.2,,9249300
2025-09-05 11:08:57.383520+05:30,20.2,,9249300
2025-09-05 11:08:58.282358+05:30,20.25,,9249300
2025-09-05 11:08:58.889090+05:30,20.3,,9249300
2025-09-05 11:08:59.431356+05:30,20.25,,9249300
2025-09-05 11:09:00.210393+05:30,20.35,,9249300
2025-09-05 11:09:00.414825+05:30,20.3,,9249300
2025-09-05 11:09:01.205032+05:30,20.3,,9249300
2025-09-05 11:09:02.389901+05:30,20.35,,9249300
2025-09-05 11:09:03.437670+05:30,20.35,,9249300
2025-09-05 11:09:03.888700+05:30,20.35,,9249300
2025-09-05 11:09:04.478740+05:30,20.35,,9249300
2025-09-05 11:09:05.477020+05:30,20.4,,9249300
2025-09-05 11:09:06.393371+05:30,20.25,,9249300
2025-09-05 11:09:07.222890+05:30,20.3,,9249300
2025-09-05 11:09:08.415956+05:30,20.35,,9249300
2025-09-05 11:09:08.911117+05:30,20.4,,9249300
2025-09-05 11:09:09.285137+05:30,20.4,,9249300
2025-09-05 11:09:09.412438+05:30,20.4,,9249300
2025-09-05 11:09:10.233750+05:30,20.3,,9249300
2025-09-05 11:09:10.446350+05:30,20.2,,9249300
2025-09-05 11:09:11.470002+05:30,20.2,,9249300
2025-09-05 11:09:12.246313+05:30,20.35,,9249300
2025-09-05 11:09:12.486640+05:30,20.25,,9249300
2025-09-05 11:09:13.398543+05:30,20.2,,9249300
2025-09-05 11:09:13.884834+05:30,20.2,,9249300
2025-09-05 11:09:14.517228+05:30,20.2,,9249300
2025-09-05 11:09:15.223100+05:30,20.2,,9249300
2025-09-05 11:09:15.462471+05:30,20.1,,9249300
2025-09-05 11:09:16.240383+05:30,20.1,,9249300
2025-09-05 11:09:17.176597+05:30,19.9,,9249300
2025-09-05 11:09:17.473314+05:30,19.9,,9249300
2025-09-05 11:09:18.528851+05:30,19.7,,9249300
2025-09-05 11:09:18.963225+05:30,19.7,,9249300
2025-09-05 11:09:19.138089+05:30,19.7,,9249300
2025-09-05 11:09:20.437720+05:30,19.6,,9249300
2025-09-05 11:09:21.140663+05:30,19.45,,9249300
2025-09-05 11:09:22.172785+05:30,19.65,,9249300
2025-09-05 11:09:23.190320+05:30,19.55,,9249300
2025-09-05 11:09:24.211337+05:30,19.6,,9249300
2025-09-05 11:09:24.433787+05:30,19.6,,9249300
2025-09-05 11:09:25.407525+05:30,19.6,,9249300
2025-09-05 11:09:25.643372+05:30,19.6,,9249300
2025-09-05 11:09:26.438704+05:30,19.6,,9249300
2025-09-05 11:09:27.411431+05:30,19.6,,9249300
2025-09-05 11:09:28.421467+05:30,19.4,,9249300
2025-09-05 11:09:29.281195+05:30,19.5,,9249300
2025-09-05 11:09:30.388072+05:30,19.55,,9249300
2025-09-05 11:09:31.513308+05:30,19.65,,9249300
2025-09-05 11:09:32.216817+05:30,19.6,,9249300
2025-09-05 11:09:33.170494+05:30,19.7,,9249300
2025-09-05 11:09:34.202145+05:30,19.75,,9249300
2025-09-05 11:09:35.473823+05:30,19.75,,9249300
2025-09-05 11:09:35.663888+05:30,19.8,,9249300
2025-09-05 11:09:36.387920+05:30,19.75,,9249300
2025-09-05 11:09:37.432610+05:30,19.75,,9249300
2025-09-05 11:09:38.488755+05:30,19.65,,9249300
2025-09-05 11:09:38.888177+05:30,19.65,,9249300
2025-09-05 11:09:39.144814+05:30,19.7,,9249300
2025-09-05 11:09:40.459224+05:30,19.65,,9249300
2025-09-05 11:09:40.637921+05:30,19.65,,9249300
2025-09-05 11:09:41.486003+05:30,19.7,,9249300
2025-09-05 11:09:42.269207+05:30,19.6,,9308625
2025-09-05 11:09:43.492183+05:30,19.6,,9308625
2025-09-05 11:09:43.960406+05:30,19.65,,9308625
2025-09-05 11:09:44.404829+05:30,19.65,,9308625
2025-09-05 11:09:45.156146+05:30,19.6,,9308625
2025-09-05 11:09:45.415741+05:30,19.6,,9308625
2025-09-05 11:09:45.640300+05:30,19.6,,9308625
2025-09-05 11:09:46.514618+05:30,19.65,,9308625
2025-09-05 11:09:47.167266+05:30,19.45,,9308625
2025-09-05 11:09:47.414438+05:30,19.5,,9308625
2025-09-05 11:09:48.475365+05:30,19.5,,9308625
2025-09-05 11:09:48.957759+05:30,19.5,,9308625
2025-09-05 11:09:49.141343+05:30,19.4,,9308625
2025-09-05 11:09:50.446168+05:30,19.45,,9308625
2025-09-05 11:09:50.637667+05:30,19.35,,9308625
2025-09-05 11:09:51.425119+05:30,19.35,,9308625
2025-09-05 11:09:52.219922+05:30,19.35,,9308625
2025-09-05 11:09:52.506738+05:30,19.35,,9308625
2025-09-05 11:09:53.387831+05:30,19.3,,9308625
2025-09-05 11:09:53.887781+05:30,19.1,,9308625
2025-09-05 11:09:54.215376+05:30,19.0,,9308625
2025-09-05 11:09:55.444825+05:30,19.05,,9308625
2025-09-05 11:09:55.675916+05:30,19.1,,9308625
2025-09-05 11:09:56.468365+05:30,19.05,,9308625
2025-09-05 11:09:57.261781+05:30,19.1,,9308625
2025-09-05 11:09:57.387709+05:30,19.1,,9308625
2025-09-05 11:09:58.426976+05:30,19.2,,9308625
2025-09-05 11:09:58.676729+05:30,19.05,,9308625
2025-09-05 11:09:59.413520+05:30,19.15,,9308625
2025-09-05 11:10:00.405541+05:30,19.15,,9308625
2025-09-05 11:10:00.739315+05:30,19.25,,9308625
2025-09-05 11:10:01.387881+05:30,19.2,,9308625
2025-09-05 11:10:02.175383+05:30,19.15,,9308625
2025-09-05 11:10:02.422499+05:30,19.2,,9308625
2025-09-05 11:10:03.419488+05:30,19.25,,9308625
2025-09-05 11:10:03.646910+05:30,19.15,,9308625
2025-09-05 11:10:04.436384+05:30,19.2,,9308625
2025-09-05 11:10:05.431702+05:30,19.15,,9308625
2025-09-05 11:10:05.637723+05:30,19.15,,9308625
2025-09-05 11:10:06.388046+05:30,19.25,,9308625
2025-09-05 11:10:07.146404+05:30,19.15,,9308625
2025-09-05 11:10:07.443293+05:30,19.2,,9308625
2025-09-05 11:10:08.430551+05:30,19.05,,9308625
2025-09-05 11:10:08.637811+05:30,19.0,,9308625
2025-09-05 11:10:08.910420+05:30,19.0,,9308625
2025-09-05 11:10:09.147696+05:30,19.0,,9308625
2025-09-05 11:10:10.452347+05:30,18.9,,9308625
2025-09-05 11:10:10.692599+05:30,18.95,,9308625
2025-09-05 11:10:11.461947+05:30,18.95,,9308625
2025-09-05 11:10:12.244284+05:30,18.85,,9308625
2025-09-05 11:10:13.406645+05:30,18.95,,9308625
2025-09-05 11:10:13.675922+05:30,19.0,,9308625
2025-09-05 11:10:13.888436+05:30,19.0,,9308625
2025-09-05 11:10:14.159746+05:30,19.05,,9308625
2025-09-05 11:10:15.196290+05:30,19.05,,9308625
2025-09-05 11:10:15.409820+05:30,18.95,,9308625
2025-09-05 11:10:16.208619+05:30,19.0,,9308625
2025-09-05 11:10:17.137637+05:30,19.0,,9308625
2025-09-05 11:10:17.504133+05:30,18.9,,9308625
2025-09-05 11:10:18.418352+05:30,18.9,,9308625
2025-09-05 11:10:18.647213+05:30,18.9,,9308625
2025-09-05 11:10:18.911332+05:30,18.95,,9308625
2025-09-05 11:10:19.137605+05:30,18.9,,9308625
2025-09-05 11:10:20.490052+05:30,18.9,,9308625
2025-09-05 11:10:21.453214+05:30,18.9,,9308625
2025-09-05 11:10:22.174162+05:30,19.1,,9308625
2025-09-05 11:10:22.516613+05:30,19.1,,9308625
2025-09-05 11:10:23.451144+05:30,19.1,,9308625
2025-09-05 11:10:23.659598+05:30,19.0,,9308625
2025-09-05 11:10:23.912152+05:30,19.0,,9308625
2025-09-05 11:10:24.466287+05:30,19.05,,9308625
2025-09-05 11:10:25.490452+05:30,19.05,,9308625
2025-09-05 11:10:26.137765+05:30,19.0,,9308625
2025-09-05 11:10:27.222360+05:30,19.0,,9308625
2025-09-05 11:10:27.431150+05:30,19.0,,9308625
2025-09-05 11:10:28.425356+05:30,19.05,,9308625
2025-09-05 11:10:28.667728+05:30,19.1,,9308625
2025-09-05 11:10:28.887436+05:30,19.1,,9308625
2025-09-05 11:10:29.182351+05:30,19.0,,9308625
2025-09-05 11:10:30.171654+05:30,19.1,,9308625
2025-09-05 11:10:30.456533+05:30,19.2,,9308625
2025-09-05 11:10:32.387714+05:30,19.1,,9308625
2025-09-05 11:10:34.137537+05:30,19.25,,9308625
2025-09-05 11:10:36.181031+05:30,19.15,,9308625
2025-09-05 11:10:36.661570+05:30,19.3,,9308625
2025-09-05 11:10:37.642589+05:30,19.3,,9308625
2025-09-05 11:10:38.247845+05:30,19.25,,9308625
2025-09-05 11:10:38.659460+05:30,19.25,,9308625
2025-09-05 11:10:38.904653+05:30,19.35,,9308625
2025-09-05 11:10:39.473116+05:30,19.35,,9308625
2025-09-05 11:10:40.138607+05:30,19.35,,9308625
2025-09-05 11:10:40.665161+05:30,19.35,,9308625
2025-09-05 11:10:41.188084+05:30,19.25,,9308625
2025-09-05 11:10:42.295137+05:30,19.4,,9308625
2025-09-05 11:10:43.411062+05:30,19.45,,9308625
2025-09-05 11:10:43.682287+05:30,19.4,,9308625
2025-09-05 11:10:43.891000+05:30,19.45,,9308625
2025-09-05 11:10:44.457749+05:30,19.5,,9308625
2025-09-05 11:10:45.162028+05:30,19.5,,9308625
2025-09-05 11:10:45.473700+05:30,19.45,,9308625
2025-09-05 11:10:46.500474+05:30,19.45,,9308625
2025-09-05 11:10:46.887331+05:30,19.4,,9308625
2025-09-05 11:10:47.218111+05:30,19.4,,9308625
2025-09-05 11:10:47.426134+05:30,19.4,,9308625
2025-09-05 11:10:48.469149+05:30,19.35,,9308625
2025-09-05 11:10:48.670256+05:30,19.45,,9308625
2025-09-05 11:10:48.916779+05:30,19.45,,9308625
2025-09-05 11:10:49.211484+05:30,19.35,,9308625
2025-09-05 11:10:50.468863+05:30,19.45,,9308625
2025-09-05 11:10:50.681191+05:30,19.45,,9308625
2025-09-05 11:10:51.387592+05:30,19.45,,9308625
2025-09-05 11:10:51.909332+05:30,19.35,,9308625
2025-09-05 11:10:52.217134+05:30,19.5,,9308625
2025-09-05 11:10:53.434830+05:30,19.45,,9308625
2025-09-05 11:10:53.640306+05:30,19.45,,9308625
2025-09-05 11:10:54.498278+05:30,19.35,,9308625
2025-09-05 11:10:55.485296+05:30,19.45,,9308625
2025-09-05 11:10:56.414193+05:30,19.5,,9308625
2025-09-05 11:10:57.198353+05:30,19.8,,9308625
2025-09-05 11:10:57.404140+05:30,19.8,,9308625
2025-09-05 11:10:58.460623+05:30,19.8,,9308625
2025-09-05 11:10:58.656328+05:30,19.75,,9308625
2025-09-05 11:10:59.196541+05:30,19.7,,9308625
2025-09-05 11:11:00.421405+05:30,19.55,,9308625
2025-09-05 11:11:01.164475+05:30,19.45,,9308625
2025-09-05 11:11:02.170672+05:30,19.5,,9308625
2025-09-05 11:11:03.385285+05:30,19.55,,9308625
2025-09-05 11:11:03.729771+05:30,19.5,,9308625
2025-09-05 11:11:04.163326+05:30,19.55,,9308625
2025-09-05 11:11:05.387496+05:30,19.55,,9308625
2025-09-05 11:11:06.242284+05:30,19.4,,9308625
2025-09-05 11:11:07.132497+05:30,19.4,,9308625
2025-09-05 11:11:07.462753+05:30,19.4,,9308625
2025-09-05 11:11:08.188425+05:30,19.35,,9308625
2025-09-05 11:11:08.660264+05:30,19.4,,9308625
2025-09-05 11:11:09.469904+05:30,19.4,,9308625
2025-09-05 11:11:10.402852+05:30,19.45,,9308625
2025-09-05 11:11:11.149660+05:30,19.4,,9308625
2025-09-05 11:11:12.230734+05:30,19.45,,9308625
2025-09-05 11:11:12.387288+05:30,19.45,,9308625
2025-09-05 11:11:13.408474+05:30,19.45,,9308625
2025-09-05 11:11:13.659506+05:30,19.55,,9308625
2025-09-05 11:11:14.175482+05:30,19.5,,9308625
2025-09-05 11:11:15.445785+05:30,19.5,,9308625
2025-09-05 11:11:16.423382+05:30,19.5,,9308625
2025-09-05 11:11:17.154419+05:30,19.55,,9308625
2025-09-05 11:11:18.414791+05:30,19.6,,9308625
2025-09-05 11:11:18.675647+05:30,19.55,,9308625
2025-09-05 11:11:19.504123+05:30,19.6,,9308625
2025-09-05 11:11:20.235866+05:30,19.5,,9308625
2025-09-05 11:11:20.387290+05:30,19.55,,9308625
2025-09-05 11:11:21.182898+05:30,19.5,,9308625
2025-09-05 11:11:22.149978+05:30,19.55,,9308625
2025-09-05 11:11:22.484794+05:30,19.55,,9308625
2025-09-05 11:11:23.486634+05:30,19.55,,9308625
2025-09-05 11:11:23.710483+05:30,19.5,,9308625
2025-09-05 11:11:24.408906+05:30,19.45,,9308625
2025-09-05 11:11:25.387386+05:30,19.5,,9308625
2025-09-05 11:11:25.670113+05:30,19.5,,9308625
2025-09-05 11:11:26.139986+05:30,19.5,,9308625
2025-09-05 11:11:27.206807+05:30,19.5,,9308625
2025-09-05 11:11:27.439116+05:30,19.5,,9308625
2025-09-05 11:11:28.486039+05:30,19.4,,9308625
2025-09-05 11:11:28.637161+05:30,19.45,,9308625
2025-09-05 11:11:29.435456+05:30,19.5,,9308625
2025-09-05 11:11:30.507878+05:30,19.4,,9308625
2025-09-05 11:11:31.441390+05:30,19.45,,9308625
2025-09-05 11:11:32.178714+05:30,19.45,,9308625
2025-09-05 11:11:32.437679+05:30,19.5,,9308625
2025-09-05 11:11:33.137261+05:30,19.45,,9308625
2025-09-05 11:11:33.694248+05:30,19.5,,9308625
2025-09-05 11:11:34.487461+05:30,19.55,,9308625
2025-09-05 11:11:35.465188+05:30,19.5,,9308625
2025-09-05 11:11:36.431458+05:30,19.5,,9308625
2025-09-05 11:11:36.887047+05:30,19.55,,9308625
2025-09-05 11:11:37.160763+05:30,19.55,,9308625
2025-09-05 11:11:38.191541+05:30,19.5,,9308625
2025-09-05 11:11:38.639295+05:30,19.55,,9308625
2025-09-05 11:11:38.926423+05:30,19.5,,9308625
2025-09-05 11:11:39.387291+05:30,19.55,,9308625
2025-09-05 11:11:40.387249+05:30,19.6,,9308625
2025-09-05 11:11:41.220559+05:30,19.55,,9308625
2025-09-05 11:11:41.887092+05:30,19.6,,9308625
2025-09-05 11:11:42.477256+05:30,19.6,,9308625
2025-09-05 11:11:43.427143+05:30,19.5,,9308625
2025-09-05 11:11:44.475861+05:30,19.55,,9308625
2025-09-05 11:11:45.170297+05:30,19.65,,9308625
2025-09-05 11:11:45.447665+05:30,19.65,,9308625
2025-09-05 11:11:46.677205+05:30,19.55,,9308625
2025-09-05 11:11:46.902688+05:30,19.5,,9308625
2025-09-05 11:11:47.671883+05:30,19.65,,9308625
2025-09-05 11:11:48.406386+05:30,19.9,,9308625
2025-09-05 11:11:48.637375+05:30,19.9,,9308625
2025-09-05 11:11:49.414421+05:30,19.85,,9308625
2025-09-05 11:11:50.228554+05:30,19.95,,9308625
2025-09-05 11:11:50.387107+05:30,19.95,,9308625
2025-09-05 11:11:51.679129+05:30,20.0,,9308625
2025-09-05 11:11:51.886932+05:30,20.0,,9308625
2025-09-05 11:11:52.175789+05:30,19.9,,9308625
2025-09-05 11:11:52.656294+05:30,19.95,,9308625
2025-09-05 11:11:53.704288+05:30,19.9,,9308625
2025-09-05 11:11:54.383697+05:30,19.9,,9308625
2025-09-05 11:11:55.198756+05:30,20.0,,9308625
2025-09-05 11:11:55.387187+05:30,19.95,,9308625
2025-09-05 11:11:56.426586+05:30,19.95,,9308625
2025-09-05 11:11:56.676506+05:30,19.95,,9308625
2025-09-05 11:11:56.903668+05:30,20.0,,9308625
2025-09-05 11:11:57.446844+05:30,20.0,,9308625
2025-09-05 11:11:58.506163+05:30,19.95,,9308625
2025-09-05 11:11:59.503148+05:30,19.95,,9308625
2025-09-05 11:12:00.190259+05:30,20.0,,9308625
2025-09-05 11:12:00.686218+05:30,20.0,,9308625
2025-09-05 11:12:01.458207+05:30,20.0,,9308625
2025-09-05 11:12:01.675583+05:30,19.95,,9308625
2025-09-05 11:12:02.503115+05:30,19.95,,9308625
2025-09-05 11:12:03.176021+05:30,20.0,,9308625
2025-09-05 11:12:03.452432+05:30,20.0,,9308625
2025-09-05 11:12:04.460791+05:30,20.05,,9308625
2025-09-05 11:12:04.925791+05:30,20.15,,9308625
2025-09-05 11:12:05.429731+05:30,20.35,,9308625
2025-09-05 11:12:06.409118+05:30,20.4,,9308625
2025-09-05 11:12:06.654350+05:30,20.4,,9308625
2025-09-05 11:12:07.392128+05:30,20.5,,9308625
2025-09-05 11:12:08.502262+05:30,20.55,,9308625
2025-09-05 11:12:09.651066+05:30,20.7,,9308625
2025-09-05 11:12:09.944163+05:30,20.75,,9308625
2025-09-05 11:12:10.138354+05:30,20.85,,9308625
2025-09-05 11:12:10.663204+05:30,20.75,,9308625
2025-09-05 11:12:11.391291+05:30,20.6,,9308625
2025-09-05 11:12:11.711194+05:30,20.6,,9308625
2025-09-05 11:12:12.533709+05:30,20.75,,9308625
2025-09-05 11:12:13.237591+05:30,20.75,,9308625
2025-09-05 11:12:14.445089+05:30,20.75,,9308625
2025-09-05 11:12:14.904337+05:30,20.7,,9308625
2025-09-05 11:12:15.475052+05:30,20.7,,9308625
2025-09-05 11:12:16.174717+05:30,20.7,,9308625
2025-09-05 11:12:16.459589+05:30,20.75,,9308625
2025-09-05 11:12:17.483085+05:30,20.8,,9308625
2025-09-05 11:12:18.197295+05:30,20.85,,9308625
2025-09-05 11:12:18.449149+05:30,20.85,,9308625
2025-09-05 11:12:19.518807+05:30,20.8,,9308625
2025-09-05 11:12:19.660142+05:30,20.85,,9308625
2025-09-05 11:12:19.891340+05:30,20.85,,9308625
2025-09-05 11:12:20.421168+05:30,20.9,,9308625
2025-09-05 11:12:21.409672+05:30,20.85,,9308625
2025-09-05 11:12:22.403977+05:30,20.95,,9308625
2025-09-05 11:12:22.903551+05:30,20.8,,9308625
2025-09-05 11:12:23.186339+05:30,20.85,,9308625
2025-09-05 11:12:23.444389+05:30,20.85,,9308625
2025-09-05 11:12:24.719555+05:30,20.95,,9308625
2025-09-05 11:12:24.898419+05:30,20.9,,9308625
2025-09-05 11:12:25.452082+05:30,20.9,,9308625
2025-09-05 11:12:26.165211+05:30,20.9,,9308625
2025-09-05 11:12:26.660514+05:30,20.9,,9308625
2025-09-05 11:12:27.391118+05:30,20.95,,9308625
2025-09-05 11:12:27.946703+05:30,21.05,,9308625
2025-09-05 11:12:28.192489+05:30,21.05,,9308625
2025-09-05 11:12:28.408900+05:30,21.0,,9308625
2025-09-05 11:12:29.477455+05:30,21.05,,9308625
2025-09-05 11:12:29.659172+05:30,21.0,,9308625
2025-09-05 11:12:30.729687+05:30,21.05,,9308625
2025-09-05 11:12:31.189483+05:30,21.05,,9308625
2025-09-05 11:12:31.434730+05:30,21.0,,9308625
2025-09-05 11:12:32.683229+05:30,20.9,,9308625
2025-09-05 11:12:32.895770+05:30,20.9,,9308625
2025-09-05 11:12:33.398499+05:30,20.9,,9308625
2025-09-05 11:12:34.675813+05:30,21.0,,9308625
2025-09-05 11:12:34.968584+05:30,21.0,,9308625
2025-09-05 11:12:35.403674+05:30,21.0,,9308625
2025-09-05 11:12:36.172345+05:30,21.3,,9308625
2025-09-05 11:12:36.408283+05:30,21.25,,9308625
2025-09-05 11:12:37.464960+05:30,21.3,,9308625
2025-09-05 11:12:37.930311+05:30,21.4,,9308625
2025-09-05 11:12:38.220982+05:30,21.4,,9308625
2025-09-05 11:12:38.648274+05:30,21.35,,9308625
2025-09-05 11:12:39.470122+05:30,21.35,,9308625
2025-09-05 11:12:39.658916+05:30,21.4,,9308625
2025-09-05 11:12:39.936000+05:30,21.3,,9308625
2025-09-05 11:12:40.437848+05:30,21.45,,9308625
2025-09-05 11:12:41.453030+05:30,21.65,,9308625
2025-09-05 11:12:42.503381+05:30,21.65,,9339225
2025-09-05 11:12:42.915282+05:30,21.5,,9339225
2025-09-05 11:12:43.455506+05:30,21.65,,9339225
2025-09-05 11:12:44.434411+05:30,21.8,,9339225
2025-09-05 11:12:44.685546+05:30,21.75,,9339225
2025-09-05 11:12:44.977807+05:30,21.75,,9339225
2025-09-05 11:12:45.704497+05:30,21.85,,9339225
2025-09-05 11:12:46.486549+05:30,21.6,,9339225
2025-09-05 11:12:47.387812+05:30,21.55,,9339225
2025-09-05 11:12:47.888904+05:30,21.6,,9339225
2025-09-05 11:12:48.211170+05:30,21.6,,9339225
2025-09-05 11:12:48.384791+05:30,21.65,,9339225
2025-09-05 11:12:49.405553+05:30,21.6,,9339225
2025-09-05 11:12:49.639449+05:30,21.55,,9339225
2025-09-05 11:12:50.006483+05:30,21.55,,9339225
2025-09-05 11:12:50.411170+05:30,21.5,,9339225
2025-09-05 11:12:51.606279+05:30,21.3,,9339225
2025-09-05 11:12:52.504818+05:30,21.1,,9339225
2025-09-05 11:12:52.925756+05:30,21.0,,9339225
2025-09-05 11:12:53.236250+05:30,21.0,,9339225
2025-09-05 11:12:53.658958+05:30,20.9,,9339225
2025-09-05 11:12:54.409640+05:30,20.95,,9339225
2025-09-05 11:12:54.674393+05:30,20.9,,9339225
2025-09-05 11:12:54.924718+05:30,20.85,,9339225
2025-09-05 11:12:55.386778+05:30,20.9,,9339225
2025-09-05 11:12:56.146801+05:30,20.9,,9339225
2025-09-05 11:12:56.477364+05:30,20.9,,9339225
2025-09-05 11:12:57.463511+05:30,21.0,,9339225
2025-09-05 11:12:57.909264+05:30,21.1,,9339225
2025-09-05 11:12:58.136802+05:30,21.15,,9339225
2025-09-05 11:12:58.456965+05:30,21.15,,9339225
2025-09-05 11:12:59.683811+05:30,21.1,,9339225
2025-09-05 11:12:59.914312+05:30,21.2,,9339225
2025-09-05 11:13:00.645817+05:30,21.2,,9339225
2025-09-05 11:13:01.419905+05:30,21.2,,9339225
2025-09-05 11:13:02.512578+05:30,21.5,,9339225
2025-09-05 11:13:03.150281+05:30,21.25,,9339225
2025-09-05 11:13:03.387049+05:30,21.25,,9339225
2025-09-05 11:13:04.474465+05:30,21.4,,9339225
2025-09-05 11:13:04.924388+05:30,21.25,,9339225
2025-09-05 11:13:05.383807+05:30,21.35,,9339225
2025-09-05 11:13:06.432306+05:30,21.4,,9339225
2025-09-05 11:13:07.661704+05:30,21.45,,9339225
2025-09-05 11:13:08.158863+05:30,21.4,,9339225
2025-09-05 11:13:08.450135+05:30,21.35,,9339225
2025-09-05 11:13:09.408875+05:30,21.25,,9339225
2025-09-05 11:13:09.908593+05:30,21.15,,9339225
2025-09-05 11:13:10.432674+05:30,21.15,,9339225
2025-09-05 11:13:11.411678+05:30,21.3,,9339225
2025-09-05 11:13:12.386610+05:30,21.2,,9339225
2025-09-05 11:13:13.218746+05:30,21.2,,9339225
2025-09-05 11:13:13.421092+05:30,21.1,,9339225
2025-09-05 11:13:14.387203+05:30,21.15,,9339225
2025-09-05 11:13:14.931570+05:30,21.15,,9339225
2025-09-05 11:13:15.712791+05:30,21.0,,9339225
2025-09-05 11:13:16.172710+05:30,20.9,,9339225
2025-09-05 11:13:16.525386+05:30,20.9,,9339225
2025-09-05 11:13:17.425245+05:30,20.9,,9339225
2025-09-05 11:13:18.245443+05:30,21.0,,9339225
2025-09-05 11:13:18.451902+05:30,21.0,,9339225
2025-09-05 11:13:19.646466+05:30,21.05,,9339225
2025-09-05 11:13:20.458329+05:30,21.05,,9339225
2025-09-05 11:13:21.502664+05:30,21.05,,9339225
2025-09-05 11:13:22.450649+05:30,21.0,,9339225
2025-09-05 11:13:22.883294+05:30,21.0,,9339225
2025-09-05 11:13:23.158864+05:30,21.0,,9339225
2025-09-05 11:13:23.487040+05:30,21.2,,9339225
2025-09-05 11:13:24.636637+05:30,21.1,,9339225
2025-09-05 11:13:25.482033+05:30,21.1,,9339225
2025-09-05 11:13:26.504299+05:30,21.15,,9339225
2025-09-05 11:13:27.446072+05:30,21.05,,9339225
2025-09-05 11:13:27.886555+05:30,21.1,,9339225
2025-09-05 11:13:28.247302+05:30,21.25,,9339225
2025-09-05 11:13:28.392536+05:30,21.15,,9339225
2025-09-05 11:13:29.427174+05:30,21.2,,9339225
2025-09-05 11:13:29.636745+05:30,21.2,,9339225
2025-09-05 11:13:30.436857+05:30,21.1,,9339225
2025-09-05 11:13:31.505827+05:30,21.1,,9339225
2025-09-05 11:13:32.408383+05:30,21.2,,9339225
2025-09-05 11:13:32.940880+05:30,21.1,,9339225
2025-09-05 11:13:33.186631+05:30,21.15,,9339225
2025-09-05 11:13:33.381577+05:30,21.2,,9339225
2025-09-05 11:13:34.636840+05:30,21.1,,9339225
2025-09-05 11:13:35.540165+05:30,21.2,,9339225
2025-09-05 11:13:36.403297+05:30,20.75,,9339225
2025-09-05 11:13:36.714917+05:30,20.8,,9339225
2025-09-05 11:13:37.508936+05:30,20.8,,9339225
2025-09-05 11:13:37.945889+05:30,20.8,,9339225
2025-09-05 11:13:38.705920+05:30,20.8,,9339225
2025-09-05 11:13:39.479168+05:30,20.85,,9339225
2025-09-05 11:13:39.658291+05:30,20.8,,9339225
2025-09-05 11:13:40.386477+05:30,20.9,,9339225
2025-09-05 11:13:41.386534+05:30,20.85,,9339225
2025-09-05 11:13:42.706966+05:30,20.85,,9339225
2025-09-05 11:13:42.886476+05:30,20.7,,9339225
2025-09-05 11:13:43.393979+05:30,20.8,,9339225
2025-09-05 11:13:44.421661+05:30,20.7,,9339225
2025-09-05 11:13:44.636433+05:30,20.8,,9339225
2025-09-05 11:13:45.425073+05:30,20.8,,9339225
2025-09-05 11:13:46.136475+05:30,20.55,,9339225
2025-09-05 11:13:46.441357+05:30,20.55,,9339225
2025-09-05 11:13:47.421348+05:30,20.45,,9339225
2025-09-05 11:13:47.886324+05:30,20.35,,9339225
2025-09-05 11:13:48.398154+05:30,20.4,,9339225
2025-09-05 11:13:49.499820+05:30,20.35,,9339225
2025-09-05 11:13:49.636387+05:30,20.3,,9339225
2025-09-05 11:13:50.684157+05:30,20.4,,9339225
2025-09-05 11:13:51.423300+05:30,20.4,,9339225
2025-09-05 11:13:51.686350+05:30,20.45,,9339225
2025-09-05 11:13:52.717875+05:30,20.6,,9339225
2025-09-05 11:13:52.910809+05:30,20.5,,9339225
2025-09-05 11:13:53.636378+05:30,20.45,,9339225
2025-09-05 11:13:54.413985+05:30,20.5,,9339225
2025-09-05 11:13:54.886243+05:30,20.45,,9339225
2025-09-05 11:13:55.469307+05:30,20.45,,9339225
2025-09-05 11:13:56.405303+05:30,20.4,,9339225
2025-09-05 11:13:57.661914+05:30,20.4,,9339225
2025-09-05 11:13:57.895620+05:30,20.4,,9339225
2025-09-05 11:13:58.745207+05:30,20.45,,9339225
2025-09-05 11:13:59.706936+05:30,20.6,,9339225
2025-09-05 11:14:00.457755+05:30,20.6,,9339225
2025-09-05 11:14:00.970317+05:30,20.65,,9339225
2025-09-05 11:14:01.450159+05:30,20.6,,9339225
2025-09-05 11:14:02.469460+05:30,20.4,,9339225
2025-09-05 11:14:02.881231+05:30,20.4,,9339225
2025-09-05 11:14:03.718291+05:30,20.35,,9339225
2025-09-05 11:14:04.464340+05:30,20.35,,9339225
2025-09-05 11:14:05.658149+05:30,20.3,,9339225
2025-09-05 11:14:06.463799+05:30,20.35,,9339225
2025-09-05 11:14:07.680132+05:30,20.45,,9339225
2025-09-05 11:14:07.889539+05:30,20.45,,9339225
2025-09-05 11:14:08.162955+05:30,20.45,,9339225
2025-09-05 11:14:08.403691+05:30,20.45,,9339225
2025-09-05 11:14:09.718937+05:30,20.45,,9339225
2025-09-05 11:14:10.484001+05:30,20.35,,9339225
2025-09-05 11:14:11.381604+05:30,20.4,,9339225
2025-09-05 11:14:12.684469+05:30,20.45,,9339225
2025-09-05 11:14:12.902535+05:30,20.2,,9339225
2025-09-05 11:14:13.163305+05:30,20.2,,9339225
2025-09-05 11:14:13.396653+05:30,20.35,,9339225
2025-09-05 11:14:14.422354+05:30,20.25,,9339225
2025-09-05 11:14:14.730861+05:30,20.25,,9339225
2025-09-05 11:14:15.483948+05:30,20.3,,9339225
2025-09-05 11:14:16.260837+05:30,20.25,,9339225
2025-09-05 11:14:16.408494+05:30,20.25,,9339225
2025-09-05 11:14:17.648351+05:30,20.4,,9339225
2025-09-05 11:14:18.141632+05:30,20.4,,9339225
2025-09-05 11:14:18.677024+05:30,20.45,,9339225
2025-09-05 11:14:19.201304+05:30,20.3,,9339225
2025-09-05 11:14:19.438406+05:30,20.3,,9339225
2025-09-05 11:14:19.706521+05:30,20.3,,9339225
2025-09-05 11:14:20.478904+05:30,20.35,,9339225
2025-09-05 11:14:20.963306+05:30,20.3,,9339225
2025-09-05 11:14:21.439780+05:30,20.2,,9339225
2025-09-05 11:14:22.408970+05:30,20.05,,9339225
2025-09-05 11:14:22.734469+05:30,20.15,,9339225
2025-09-05 11:14:22.887300+05:30,20.15,,9339225
2025-09-05 11:14:23.725444+05:30,20.2,,9339225
2025-09-05 11:14:24.180874+05:30,20.0,,9339225
2025-09-05 11:14:24.386481+05:30,20.05,,9339225
2025-09-05 11:14:25.456800+05:30,20.1,,9339225
2025-09-05 11:14:25.968766+05:30,20.1,,9339225
2025-09-05 11:14:26.501811+05:30,20.15,,9339225
2025-09-05 11:14:27.460539+05:30,20.2,,9339225
2025-09-05 11:14:27.632691+05:30,20.3,,9339225
2025-09-05 11:14:27.885972+05:30,20.3,,9339225
2025-09-05 11:14:28.488507+05:30,20.3,,9339225
2025-09-05 11:14:29.201726+05:30,20.25,,9339225
2025-09-05 11:14:29.508416+05:30,20.25,,9339225
2025-09-05 11:14:29.659944+05:30,20.25,,9339225
2025-09-05 11:14:30.397859+05:30,20.25,,9339225
2025-09-05 11:14:30.942666+05:30,20.25,,9339225
2025-09-05 11:14:31.158733+05:30,20.25,,9339225
2025-09-05 11:14:31.432792+05:30,20.35,,9339225
2025-09-05 11:14:32.514117+05:30,20.4,,9339225
2025-09-05 11:14:32.886144+05:30,20.45,,9339225
2025-09-05 11:14:33.657024+05:30,20.35,,9339225
2025-09-05 11:14:34.232601+05:30,20.5,,9339225
2025-09-05 11:14:34.408418+05:30,20.5,,9339225
2025-09-05 11:14:35.525193+05:30,20.4,,9339225
2025-09-05 11:14:35.897189+05:30,20.35,,9339225
2025-09-05 11:14:36.386192+05:30,20.35,,9339225
2025-09-05 11:14:37.521918+05:30,20.5,,9339225
2025-09-05 11:14:37.931327+05:30,20.5,,9339225
2025-09-05 11:14:38.504187+05:30,20.65,,9339225
2025-09-05 11:14:39.177071+05:30,20.55,,9339225
2025-09-05 11:14:39.477501+05:30,20.4,,9339225
2025-09-05 11:14:40.527774+05:30,20.45,,9339225
2025-09-05 11:14:40.885972+05:30,20.45,,9339225
2025-09-05 11:14:41.502383+05:30,20.2,,9339225
2025-09-05 11:14:42.489776+05:30,20.35,,9339225
2025-09-05 11:14:42.917669+05:30,20.3,,9339225
2025-09-05 11:14:43.400275+05:30,20.35,,9339225
2025-09-05 11:14:44.173886+05:30,20.3,,9339225
2025-09-05 11:14:44.408726+05:30,20.3,,9339225
2025-09-05 11:14:45.382568+05:30,20.35,,9339225
2025-09-05 11:14:45.939736+05:30,20.35,,9339225
2025-09-05 11:14:46.468477+05:30,20.35,,9339225
2025-09-05 11:14:47.387483+05:30,20.05,,9339225
2025-09-05 11:14:47.902706+05:30,20.05,,9339225
2025-09-05 11:14:48.421669+05:30,20.0,,9339225
2025-09-05 11:14:49.163460+05:30,20.0,,9339225
2025-09-05 11:14:49.654158+05:30,20.05,,9339225
2025-09-05 11:14:50.386078+05:30,19.85,,9339225
2025-09-05 11:14:50.955402+05:30,19.8,,9339225
2025-09-05 11:14:51.508460+05:30,19.7,,9339225
2025-09-05 11:14:52.425735+05:30,19.95,,9339225
2025-09-05 11:14:52.886036+05:30,19.75,,9339225
2025-09-05 11:14:53.389584+05:30,19.75,,9339225
2025-09-05 11:14:54.213144+05:30,19.75,,9339225
2025-09-05 11:14:54.475373+05:30,19.8,,9339225
2025-09-05 11:14:55.502380+05:30,19.7,,9339225
2025-09-05 11:14:55.961612+05:30,19.8,,9339225
2025-09-05 11:14:56.203236+05:30,19.8,,9339225
2025-09-05 11:14:56.438411+05:30,19.8,,9339225
2025-09-05 11:14:57.400636+05:30,19.65,,9339225
2025-09-05 11:14:57.889721+05:30,19.6,,9339225
2025-09-05 11:14:58.709910+05:30,19.6,,9339225
2025-09-05 11:14:59.166328+05:30,19.55,,9339225
2025-09-05 11:14:59.410809+05:30,19.6,,9339225
2025-09-05 11:15:00.670797+05:30,19.65,,9339225
2025-09-05 11:15:01.136086+05:30,19.65,,9339225
2025-09-05 11:15:01.468039+05:30,19.65,,9339225
2025-09-05 11:15:02.439045+05:30,19.55,,9339225
2025-09-05 11:15:02.907939+05:30,19.55,,9339225
2025-09-05 11:15:03.658616+05:30,19.6,,9339225
2025-09-05 11:15:04.136865+05:30,19.6,,9339225
2025-09-05 11:15:04.566763+05:30,19.65,,9339225
2025-09-05 11:15:05.491896+05:30,19.65,,9339225
2025-09-05 11:15:05.708822+05:30,19.6,,9339225
2025-09-05 11:15:06.157919+05:30,19.65,,9339225
2025-09-05 11:15:06.386191+05:30,19.7,,9339225
2025-09-05 11:15:07.419945+05:30,19.85,,9339225
2025-09-05 11:15:07.907784+05:30,19.8,,9339225
2025-09-05 11:15:08.728679+05:30,19.8,,9339225
2025-09-05 11:15:09.139291+05:30,19.85,,9339225
2025-09-05 11:15:09.430326+05:30,19.85,,9339225
2025-09-05 11:15:10.403053+05:30,19.8,,9339225
2025-09-05 11:15:10.665318+05:30,19.8,,9339225
2025-09-05 11:15:11.155194+05:30,19.75,,9339225
2025-09-05 11:15:11.512299+05:30,19.7,,9339225
2025-09-05 11:15:12.420177+05:30,19.65,,9339225
2025-09-05 11:15:12.720713+05:30,19.65,,9339225
2025-09-05 11:15:13.441807+05:30,19.65,,9339225
2025-09-05 11:15:13.966067+05:30,19.6,,9339225
2025-09-05 11:15:14.657916+05:30,19.6,,9339225
2025-09-05 11:15:15.647626+05:30,19.65,,9339225
2025-09-05 11:15:16.226489+05:30,19.65,,9339225
2025-09-05 11:15:16.659106+05:30,19.5,,9339225
2025-09-05 11:15:17.159290+05:30,19.55,,9339225
2025-09-05 11:15:17.736380+05:30,19.5,,9339225
2025-09-05 11:15:18.389573+05:30,19.5,,9339225
2025-09-05 11:15:18.913050+05:30,19.45,,9339225
2025-09-05 11:15:19.658136+05:30,19.45,,9339225
2025-09-05 11:15:20.674203+05:30,19.5,,9339225
2025-09-05 11:15:21.176998+05:30,19.4,,9339225
2025-09-05 11:15:21.422425+05:30,19.35,,9339225
2025-09-05 11:15:22.467120+05:30,19.35,,9339225
2025-09-05 11:15:22.719238+05:30,19.4,,9339225
2025-09-05 11:15:23.445225+05:30,19.35,,9339225
2025-09-05 11:15:24.176722+05:30,19.4,,9339225
2025-09-05 11:15:24.494414+05:30,19.5,,9339225
2025-09-05 11:15:25.635941+05:30,19.45,,9339225
2025-09-05 11:15:25.908646+05:30,19.4,,9339225
2025-09-05 11:15:26.182597+05:30,19.4,,9339225
2025-09-05 11:15:26.635843+05:30,19.4,,9339225
2025-09-05 11:15:27.452364+05:30,19.45,,9339225
2025-09-05 11:15:27.635830+05:30,19.45,,9339225
2025-09-05 11:15:28.511175+05:30,19.45,,9339225
2025-09-05 11:15:29.152530+05:30,19.45,,9339225
2025-09-05 11:15:29.463150+05:30,19.45,,9339225
2025-09-05 11:15:30.650597+05:30,19.35,,9339225
2025-09-05 11:15:30.885713+05:30,19.1,,9339225
2025-09-05 11:15:31.385985+05:30,19.2,,9339225
2025-09-05 11:15:32.458089+05:30,19.2,,9339225
2025-09-05 11:15:32.880860+05:30,19.15,,9339225
2025-09-05 11:15:33.632686+05:30,19.15,,9339225
2025-09-05 11:15:34.135794+05:30,19.25,,9339225
2025-09-05 11:15:34.402699+05:30,19.25,,9339225
2025-09-05 11:15:34.672240+05:30,19.15,,9339225
2025-09-05 11:15:35.408427+05:30,19.2,,9339225
2025-09-05 11:15:35.668772+05:30,19.2,,9339225
2025-09-05 11:15:35.909241+05:30,19.3,,9339225
2025-09-05 11:15:36.635887+05:30,19.3,,9339225
2025-09-05 11:15:37.446473+05:30,19.25,,9339225
2025-09-05 11:15:37.659433+05:30,19.3,,9339225
2025-09-05 11:15:38.475501+05:30,19.25,,9339225
2025-09-05 11:15:39.163037+05:30,19.15,,9339225
2025-09-05 11:15:39.523582+05:30,18.95,,9339225
2025-09-05 11:15:40.543798+05:30,19.05,,9339225
2025-09-05 11:15:40.902498+05:30,19.0,,9339225
2025-09-05 11:15:41.463684+05:30,19.0,,9339225
2025-09-05 11:15:42.487906+05:30,18.95,,9339225
2025-09-05 11:15:42.726637+05:30,19.0,,9443850
2025-09-05 11:15:43.414844+05:30,18.9,,9443850
2025-09-05 11:15:43.885694+05:30,18.85,,9443850
2025-09-05 11:15:44.385822+05:30,18.95,,9443850
2025-09-05 11:15:44.719869+05:30,18.95,,9443850
2025-09-05 11:15:45.473622+05:30,18.9,,9443850
2025-09-05 11:15:45.885770+05:30,19.05,,9443850
2025-09-05 11:15:46.418929+05:30,19.05,,9443850
2025-09-05 11:15:47.174567+05:30,18.85,,9443850
2025-09-05 11:15:47.458570+05:30,18.9,,9443850
2025-09-05 11:15:48.477497+05:30,18.9,,9443850
2025-09-05 11:15:48.885555+05:30,18.85,,9443850
2025-09-05 11:15:49.496427+05:30,18.85,,9443850
2025-09-05 11:15:49.641123+05:30,18.85,,9443850
2025-09-05 11:15:50.439592+05:30,19.0,,9443850
2025-09-05 11:15:50.937581+05:30,18.95,,9443850
2025-09-05 11:15:51.429375+05:30,19.2,,9443850
2025-09-05 11:15:52.148431+05:30,19.1,,9443850
2025-09-05 11:15:52.498332+05:30,19.15,,9443850
2025-09-05 11:15:53.462069+05:30,19.2,,9443850
2025-09-05 11:15:54.208413+05:30,19.2,,9443850
2025-09-05 11:15:54.414732+05:30,19.2,,9443850
2025-09-05 11:15:55.699207+05:30,19.25,,9443850
2025-09-05 11:15:55.923929+05:30,19.25,,9443850
2025-09-05 11:15:56.435599+05:30,19.2,,9443850
2025-09-05 11:15:57.135668+05:30,19.15,,9443850
2025-09-05 11:15:57.670217+05:30,19.15,,9443850
2025-09-05 11:15:58.431412+05:30,19.15,,9443850
2025-09-05 11:15:58.672817+05:30,19.0,,9443850
2025-09-05 11:15:59.187034+05:30,19.1,,9443850
2025-09-05 11:15:59.696697+05:30,19.1,,9443850
2025-09-05 11:16:00.162577+05:30,19.05,,9443850
2025-09-05 11:16:00.427415+05:30,19.05,,9443850
2025-09-05 11:16:00.972561+05:30,19.05,,9443850
2025-09-05 11:16:01.451539+05:30,19.3,,9443850
2025-09-05 11:16:02.135604+05:30,19.4,,9443850
2025-09-05 11:16:02.666109+05:30,19.45,,9443850
2025-09-05 11:16:03.468241+05:30,19.3,,9443850
2025-09-05 11:16:03.654528+05:30,19.4,,9443850
2025-09-05 11:16:04.184807+05:30,19.45,,9443850
2025-09-05 11:16:04.408690+05:30,19.45,,9443850
2025-09-05 11:16:05.138726+05:30,19.5,,9443850
2025-09-05 11:16:05.713052+05:30,19.6,,9443850
2025-09-05 11:16:05.902341+05:30,19.55,,9443850
2025-09-05 11:16:06.692328+05:30,19.5,,9443850
2025-09-05 11:16:07.135639+05:30,19.5,,9443850
2025-09-05 11:16:07.720765+05:30,19.5,,9443850
2025-09-05 11:16:08.497891+05:30,19.45,,9443850
2025-09-05 11:16:09.140805+05:30,19.55,,9443850
2025-09-05 11:16:09.743797+05:30,19.6,,9443850
2025-09-05 11:16:10.466729+05:30,19.55,,9443850
2025-09-05 11:16:10.666948+05:30,19.65,,9443850
2025-09-05 11:16:11.661050+05:30,19.75,,9443850
2025-09-05 11:16:12.135611+05:30,19.65,,9443850
2025-09-05 11:16:12.547621+05:30,19.75,,9443850
2025-09-05 11:16:13.476118+05:30,19.65,,9443850
2025-09-05 11:16:14.169135+05:30,19.65,,9443850
2025-09-05 11:16:14.730258+05:30,19.8,,9443850
