time,last_price,volume,oi
2025-09-05 10:55:52.772757+05:30,130.7,,4096575
2025-09-05 10:55:52.985925+05:30,130.8,,4096575
2025-09-05 10:55:53.644954+05:30,130.25,,4096575
2025-09-05 10:55:53.926398+05:30,130.3,,4096575
2025-09-05 10:55:54.486880+05:30,130.0,,4096575
2025-09-05 10:55:54.721851+05:30,130.0,,4096575
2025-09-05 10:55:54.928844+05:30,130.35,,4096575
2025-09-05 10:55:55.737605+05:30,130.5,,4096575
2025-09-05 10:55:55.959920+05:30,130.5,,4096575
2025-09-05 10:55:56.403976+05:30,130.3,,4096575
2025-09-05 10:55:56.778664+05:30,130.05,,4096575
2025-09-05 10:55:56.915273+05:30,130.1,,4096575
2025-09-05 10:55:57.645458+05:30,130.25,,4096575
2025-09-05 10:55:57.954832+05:30,130.55,,4096575
2025-09-05 10:55:58.685370+05:30,130.1,,4096575
2025-09-05 10:55:58.933776+05:30,130.45,,4096575
2025-09-05 10:55:59.182180+05:30,130.4,,4096575
2025-09-05 10:55:59.414118+05:30,129.5,,4096575
2025-09-05 10:55:59.711899+05:30,129.35,,4096575
2025-09-05 10:55:59.894770+05:30,129.45,,4096575
2025-09-05 10:56:00.410078+05:30,129.45,,4096575
2025-09-05 10:56:00.672299+05:30,130.0,,4096575
2025-09-05 10:56:01.016367+05:30,130.3,,4096575
2025-09-05 10:56:01.200393+05:30,129.85,,4096575
2025-09-05 10:56:01.670483+05:30,129.9,,4096575
2025-09-05 10:56:01.916092+05:30,130.0,,4096575
2025-09-05 10:56:02.498693+05:30,130.15,,4096575
2025-09-05 10:56:02.732772+05:30,131.0,,4096575
2025-09-05 10:56:02.898336+05:30,130.8,,4096575
2025-09-05 10:56:03.693905+05:30,130.6,,4096575
2025-09-05 10:56:03.911499+05:30,130.6,,4096575
2025-09-05 10:56:04.215779+05:30,130.6,,4096575
2025-09-05 10:56:04.466409+05:30,130.2,,4096575
2025-09-05 10:56:04.892695+05:30,130.5,,4096575
2025-09-05 10:56:05.724450+05:30,130.6,,4096575
2025-09-05 10:56:05.952303+05:30,130.35,,4096575
2025-09-05 10:56:06.168237+05:30,130.6,,4096575
2025-09-05 10:56:06.705493+05:30,129.45,,4096575
2025-09-05 10:56:06.920568+05:30,130.55,,4096575
2025-09-05 10:56:07.425508+05:30,131.7,,4096575
2025-09-05 10:56:07.659897+05:30,131.45,,4096575
2025-09-05 10:56:07.955186+05:30,131.7,,4096575
2025-09-05 10:56:08.726092+05:30,131.25,,4096575
2025-09-05 10:56:08.929477+05:30,132.0,,4096575
2025-09-05 10:56:09.204167+05:30,131.6,,4096575
2025-09-05 10:56:09.400190+05:30,131.05,,4096575
2025-09-05 10:56:09.685256+05:30,131.35,,4096575
2025-09-05 10:56:09.892964+05:30,131.5,,4096575
2025-09-05 10:56:10.673263+05:30,131.25,,4096575
2025-09-05 10:56:10.959327+05:30,131.05,,4096575
2025-09-05 10:56:11.195742+05:30,131.0,,4096575
2025-09-05 10:56:11.796468+05:30,130.5,,4096575
2025-09-05 10:56:11.892578+05:30,130.9,,4096575
2025-09-05 10:56:12.778108+05:30,130.6,,4096575
2025-09-05 10:56:12.920288+05:30,130.25,,4096575
2025-09-05 10:56:13.681404+05:30,129.65,,4096575
2025-09-05 10:56:13.888477+05:30,129.8,,4096575
2025-09-05 10:56:14.207978+05:30,130.35,,4096575
2025-09-05 10:56:14.475118+05:30,130.35,,4096575
2025-09-05 10:56:14.737970+05:30,130.4,,4096575
2025-09-05 10:56:14.918617+05:30,130.45,,4096575
2025-09-05 10:56:15.770325+05:30,129.65,,4096575
2025-09-05 10:56:15.926613+05:30,129.7,,4096575
2025-09-05 10:56:16.181314+05:30,129.5,,4096575
2025-09-05 10:56:16.892474+05:30,129.4,,4096575
2025-09-05 10:56:17.518505+05:30,129.5,,4096575
2025-09-05 10:56:17.746580+05:30,129.45,,4096575
2025-09-05 10:56:18.007411+05:30,129.5,,4096575
2025-09-05 10:56:18.735732+05:30,129.55,,4096575
2025-09-05 10:56:18.955564+05:30,129.5,,4096575
2025-09-05 10:56:19.209655+05:30,129.5,,4096575
2025-09-05 10:56:19.720761+05:30,129.95,,4096575
2025-09-05 10:56:19.950894+05:30,129.75,,4096575
2025-09-05 10:56:20.702680+05:30,128.25,,4096575
2025-09-05 10:56:20.989337+05:30,128.45,,4096575
2025-09-05 10:56:21.160517+05:30,128.6,,4096575
2025-09-05 10:56:21.713156+05:30,128.5,,4096575
2025-09-05 10:56:21.892667+05:30,128.75,,4096575
2025-09-05 10:56:22.458635+05:30,129.2,,4096575
2025-09-05 10:56:22.719872+05:30,129.05,,4096575
2025-09-05 10:56:22.928677+05:30,130.65,,4096575
2025-09-05 10:56:23.652848+05:30,130.8,,4096575
2025-09-05 10:56:23.897655+05:30,131.0,,4096575
2025-09-05 10:56:24.164301+05:30,131.0,,4096575
2025-09-05 10:56:24.709717+05:30,131.1,,4096575
2025-09-05 10:56:24.897641+05:30,131.45,,4096575
2025-09-05 10:56:25.731660+05:30,131.2,,4096575
2025-09-05 10:56:26.033200+05:30,131.25,,4096575
2025-09-05 10:56:26.206307+05:30,131.35,,4096575
2025-09-05 10:56:26.781764+05:30,131.05,,4096575
2025-09-05 10:56:26.932660+05:30,131.4,,4096575
2025-09-05 10:56:27.397468+05:30,130.95,,4096575
2025-09-05 10:56:27.687287+05:30,131.3,,4096575
2025-09-05 10:56:27.893267+05:30,131.45,,4096575
2025-09-05 10:56:28.681498+05:30,131.75,,4096575
2025-09-05 10:56:28.939404+05:30,131.45,,4096575
2025-09-05 10:56:29.182468+05:30,131.55,,4096575
2025-09-05 10:56:29.438885+05:30,131.9,,4096575
2025-09-05 10:56:29.642584+05:30,131.5,,4096575
2025-09-05 10:56:29.986184+05:30,131.8,,4096575
2025-09-05 10:56:30.680767+05:30,131.8,,4096575
2025-09-05 10:56:31.000508+05:30,131.65,,4096575
2025-09-05 10:56:31.208350+05:30,131.05,,4096575
2025-09-05 10:56:31.741982+05:30,131.95,,4096575
2025-09-05 10:56:31.914394+05:30,131.8,,4096575
2025-09-05 10:56:32.411125+05:30,131.25,,4096575
2025-09-05 10:56:32.730270+05:30,131.3,,4096575
2025-09-05 10:56:32.992268+05:30,131.4,,4096575
2025-09-05 10:56:33.647493+05:30,131.45,,4096575
2025-09-05 10:56:33.920410+05:30,131.35,,4096575
2025-09-05 10:56:34.242639+05:30,130.75,,4096575
2025-09-05 10:56:34.707201+05:30,129.85,,4096575
2025-09-05 10:56:35.160856+05:30,129.7,,4096575
2025-09-05 10:56:35.698643+05:30,129.25,,4096575
2025-09-05 10:56:36.000616+05:30,129.6,,4096575
2025-09-05 10:56:36.217477+05:30,129.75,,4096575
2025-09-05 10:56:36.695351+05:30,129.65,,4096575
2025-09-05 10:56:37.016669+05:30,129.5,,4096575
2025-09-05 10:56:37.420434+05:30,129.55,,4096575
2025-09-05 10:56:37.736609+05:30,129.1,,4096575
2025-09-05 10:56:37.995554+05:30,129.1,,4096575
2025-09-05 10:56:38.656894+05:30,129.25,,4096575
2025-09-05 10:56:38.978135+05:30,129.3,,4096575
2025-09-05 10:56:39.142475+05:30,129.0,,4096575
2025-09-05 10:56:39.461793+05:30,129.25,,4096575
2025-09-05 10:56:39.665144+05:30,129.35,,4096575
2025-09-05 10:56:39.952434+05:30,129.0,,4096575
2025-09-05 10:56:40.747471+05:30,129.2,,4096575
2025-09-05 10:56:40.977688+05:30,129.15,,4096575
2025-09-05 10:56:41.164180+05:30,129.1,,4096575
2025-09-05 10:56:41.683236+05:30,129.6,,4096575
2025-09-05 10:56:41.938193+05:30,129.85,,4096575
2025-09-05 10:56:42.396132+05:30,130.4,,4096575
2025-09-05 10:56:42.681578+05:30,130.25,,4096575
2025-09-05 10:56:43.015857+05:30,129.9,,4096575
2025-09-05 10:56:43.716308+05:30,129.9,,4096575
2025-09-05 10:56:43.906157+05:30,129.3,,4096575
2025-09-05 10:56:44.204214+05:30,129.55,,4096575
2025-09-05 10:56:44.789910+05:30,129.75,,4096575
2025-09-05 10:56:44.978161+05:30,129.85,,4096575
2025-09-05 10:56:45.697079+05:30,129.8,,4096575
2025-09-05 10:56:45.978667+05:30,129.5,,4096575
2025-09-05 10:56:46.201847+05:30,129.4,,4096575
2025-09-05 10:56:46.670150+05:30,129.95,,4096575
2025-09-05 10:56:46.937112+05:30,129.9,,4096575
2025-09-05 10:56:47.521244+05:30,129.45,,4096575
2025-09-05 10:56:47.687894+05:30,129.7,,4096575
2025-09-05 10:56:48.155681+05:30,129.1,,4096575
2025-09-05 10:56:48.699341+05:30,129.2,,4096575
2025-09-05 10:56:49.173505+05:30,128.45,,4096575
2025-09-05 10:56:49.652328+05:30,127.5,,4096575
2025-09-05 10:56:49.936754+05:30,127.3,,4096575
2025-09-05 10:56:50.160354+05:30,127.55,,4096575
2025-09-05 10:56:50.680631+05:30,127.2,,4096575
2025-09-05 10:56:51.169673+05:30,127.0,,4096575
2025-09-05 10:56:51.960755+05:30,126.6,,4096575
2025-09-05 10:56:52.195204+05:30,127.0,,4096575
2025-09-05 10:56:52.437191+05:30,127.4,,4096575
2025-09-05 10:56:52.652353+05:30,127.6,,4096575
2025-09-05 10:56:52.959535+05:30,127.5,,4096575
2025-09-05 10:56:53.699395+05:30,127.7,,4096575
2025-09-05 10:56:54.235457+05:30,127.8,,4096575
2025-09-05 10:56:54.745199+05:30,127.65,,4096575
2025-09-05 10:56:55.147997+05:30,127.3,,4096575
2025-09-05 10:56:55.685122+05:30,127.0,,4096575
2025-09-05 10:56:56.195039+05:30,127.2,,4096575
2025-09-05 10:56:56.746967+05:30,126.8,,4096575
2025-09-05 10:56:57.174710+05:30,127.05,,4096575
2025-09-05 10:56:57.726806+05:30,127.0,,4096575
2025-09-05 10:56:57.986539+05:30,127.15,,4096575
2025-09-05 10:56:58.729593+05:30,126.5,,4096575
2025-09-05 10:56:59.191150+05:30,126.65,,4096575
2025-09-05 10:56:59.953638+05:30,126.6,,4096575
2025-09-05 10:57:00.160216+05:30,126.25,,4096575
2025-09-05 10:57:00.459503+05:30,126.25,,4096575
2025-09-05 10:57:00.792091+05:30,125.75,,4096575
2025-09-05 10:57:01.176403+05:30,123.65,,4096575
2025-09-05 10:57:01.474716+05:30,124.45,,4096575
2025-09-05 10:57:01.770315+05:30,124.9,,4096575
2025-09-05 10:57:02.152160+05:30,124.7,,4096575
2025-09-05 10:57:02.743154+05:30,124.4,,4096575
2025-09-05 10:57:02.969817+05:30,125.0,,4096575
2025-09-05 10:57:03.643564+05:30,124.5,,4096575
2025-09-05 10:57:04.214321+05:30,124.05,,4096575
2025-09-05 10:57:04.727198+05:30,123.65,,4096575
2025-09-05 10:57:05.224800+05:30,123.65,,4096575
2025-09-05 10:57:05.670298+05:30,123.55,,4096575
2025-09-05 10:57:06.192155+05:30,123.6,,4096575
2025-09-05 10:57:06.671906+05:30,123.45,,4096575
2025-09-05 10:57:07.182401+05:30,123.8,,4096575
2025-09-05 10:57:07.440590+05:30,123.6,,4096575
2025-09-05 10:57:07.659917+05:30,124.0,,4096575
2025-09-05 10:57:07.927539+05:30,123.85,,4096575
2025-09-05 10:57:08.689896+05:30,124.65,,4096575
2025-09-05 10:57:09.138659+05:30,124.6,,4096575
2025-09-05 10:57:09.708889+05:30,124.35,,4096575
2025-09-05 10:57:10.202560+05:30,124.3,,4096575
2025-09-05 10:57:10.720069+05:30,124.1,,4096575
2025-09-05 10:57:11.205344+05:30,124.0,,4096575
2025-09-05 10:57:11.681382+05:30,123.5,,4096575
2025-09-05 10:57:12.174323+05:30,123.6,,4096575
2025-09-05 10:57:12.430265+05:30,124.05,,4096575
2025-09-05 10:57:12.642266+05:30,123.35,,4096575
2025-09-05 10:57:12.919438+05:30,123.35,,4096575
2025-09-05 10:57:13.725087+05:30,124.35,,4096575
2025-09-05 10:57:14.234893+05:30,123.65,,4096575
2025-09-05 10:57:14.788668+05:30,124.15,,4096575
2025-09-05 10:57:15.187698+05:30,123.9,,4096575
2025-09-05 10:57:16.021479+05:30,124.35,,4096575
2025-09-05 10:57:16.191589+05:30,125.6,,4096575
2025-09-05 10:57:16.675882+05:30,125.7,,4096575
2025-09-05 10:57:17.208685+05:30,126.6,,4096575
2025-09-05 10:57:17.424306+05:30,126.3,,4096575
2025-09-05 10:57:17.683273+05:30,126.3,,4096575
2025-09-05 10:57:17.932540+05:30,126.2,,4096575
2025-09-05 10:57:18.709848+05:30,126.45,,4096575
2025-09-05 10:57:19.205805+05:30,126.5,,4096575
2025-09-05 10:57:19.765802+05:30,126.5,,4096575
2025-09-05 10:57:20.222961+05:30,126.6,,4096575
2025-09-05 10:57:20.729405+05:30,126.65,,4096575
2025-09-05 10:57:21.194442+05:30,126.75,,4096575
2025-09-05 10:57:22.007028+05:30,126.9,,4096575
2025-09-05 10:57:22.164413+05:30,126.95,,4096575
2025-09-05 10:57:22.704095+05:30,126.8,,4096575
2025-09-05 10:57:22.969478+05:30,126.35,,4096575
2025-09-05 10:57:23.652622+05:30,126.4,,4096575
2025-09-05 10:57:24.229411+05:30,126.9,,4096575
2025-09-05 10:57:24.392977+05:30,126.75,,4096575
2025-09-05 10:57:24.782985+05:30,126.1,,4096575
2025-09-05 10:57:25.221463+05:30,126.6,,4096575
2025-09-05 10:57:25.690180+05:30,126.6,,4096575
2025-09-05 10:57:26.208160+05:30,126.9,,4096575
2025-09-05 10:57:26.392265+05:30,127.35,,4096575
2025-09-05 10:57:26.756921+05:30,128.05,,4096575
2025-09-05 10:57:27.151393+05:30,127.9,,4096575
2025-09-05 10:57:27.392001+05:30,127.85,,4096575
2025-09-05 10:57:27.779508+05:30,128.6,,4096575
2025-09-05 10:57:28.028520+05:30,128.25,,4096575
2025-09-05 10:57:28.670301+05:30,127.4,,4096575
2025-09-05 10:57:29.164081+05:30,127.45,,4096575
2025-09-05 10:57:29.430602+05:30,127.25,,4096575
2025-09-05 10:57:29.708525+05:30,127.35,,4096575
2025-09-05 10:57:30.154388+05:30,127.35,,4096575
2025-09-05 10:57:30.448701+05:30,127.35,,4096575
2025-09-05 10:57:30.734988+05:30,127.3,,4096575
2025-09-05 10:57:30.943588+05:30,126.95,,4096575
2025-09-05 10:57:31.209346+05:30,127.0,,4096575
2025-09-05 10:57:31.774423+05:30,126.8,,4096575
2025-09-05 10:57:32.225153+05:30,126.6,,4096575
2025-09-05 10:57:32.441124+05:30,126.55,,4096575
2025-09-05 10:57:32.707546+05:30,126.8,,4096575
2025-09-05 10:57:32.909184+05:30,126.75,,4096575
2025-09-05 10:57:33.659586+05:30,126.4,,4096575
2025-09-05 10:57:34.153905+05:30,126.45,,4096575
2025-09-05 10:57:34.392090+05:30,126.75,,4096575
2025-09-05 10:57:34.653890+05:30,127.05,,4096575
2025-09-05 10:57:35.219764+05:30,127.2,,4096575
2025-09-05 10:57:35.664350+05:30,126.9,,4096575
2025-09-05 10:57:36.010277+05:30,126.9,,4096575
2025-09-05 10:57:36.169174+05:30,126.9,,4096575
2025-09-05 10:57:36.436213+05:30,127.85,,4096575
2025-09-05 10:57:36.732844+05:30,127.6,,4096575
2025-09-05 10:57:37.190726+05:30,127.6,,4096575
2025-09-05 10:57:37.669438+05:30,127.65,,4096575
2025-09-05 10:57:37.963418+05:30,126.95,,4096575
2025-09-05 10:57:38.164097+05:30,127.25,,4096575
2025-09-05 10:57:38.944871+05:30,127.1,,4096575
2025-09-05 10:57:39.223142+05:30,126.95,,4096575
2025-09-05 10:57:39.414842+05:30,127.35,,4096575
2025-09-05 10:57:39.697419+05:30,127.15,,4096575
2025-09-05 10:57:40.229933+05:30,127.15,,4096575
2025-09-05 10:57:40.734579+05:30,126.95,,4096575
2025-09-05 10:57:40.947202+05:30,126.9,,4096575
2025-09-05 10:57:41.419122+05:30,126.9,,4096575
2025-09-05 10:57:41.774819+05:30,126.9,,4096575
2025-09-05 10:57:42.174357+05:30,126.6,,4061850
2025-09-05 10:57:42.473685+05:30,126.65,,4061850
2025-09-05 10:57:42.691999+05:30,126.85,,4061850
2025-09-05 10:57:43.021805+05:30,126.85,,4061850
2025-09-05 10:57:43.664332+05:30,126.8,,4061850
2025-09-05 10:57:44.199654+05:30,127.25,,4061850
2025-09-05 10:57:44.427833+05:30,126.75,,4061850
2025-09-05 10:57:44.716109+05:30,126.7,,4061850
2025-09-05 10:57:45.155154+05:30,126.55,,4061850
2025-09-05 10:57:45.661940+05:30,126.85,,4061850
2025-09-05 10:57:45.892059+05:30,126.75,,4061850
2025-09-05 10:57:46.419545+05:30,126.75,,4061850
2025-09-05 10:57:46.659512+05:30,127.0,,4061850
2025-09-05 10:57:47.201939+05:30,126.85,,4061850
2025-09-05 10:57:47.446798+05:30,126.7,,4061850
2025-09-05 10:57:47.709571+05:30,126.65,,4061850
2025-09-05 10:57:47.945756+05:30,126.85,,4061850
2025-09-05 10:57:48.752578+05:30,126.55,,4061850
2025-09-05 10:57:49.267170+05:30,125.7,,4061850
2025-09-05 10:57:49.432082+05:30,125.5,,4061850
2025-09-05 10:57:49.725821+05:30,125.65,,4061850
2025-09-05 10:57:50.178435+05:30,125.15,,4061850
2025-09-05 10:57:50.663873+05:30,125.65,,4061850
2025-09-05 10:57:50.953301+05:30,125.6,,4061850
2025-09-05 10:57:51.222369+05:30,125.35,,4061850
2025-09-05 10:57:51.664159+05:30,125.15,,4061850
2025-09-05 10:57:52.176583+05:30,124.2,,4061850
2025-09-05 10:57:52.458072+05:30,124.3,,4061850
2025-09-05 10:57:52.755634+05:30,123.5,,4061850
2025-09-05 10:57:52.920089+05:30,123.15,,4061850
2025-09-05 10:57:53.688873+05:30,123.05,,4061850
2025-09-05 10:57:54.200042+05:30,122.6,,4061850
2025-09-05 10:57:54.430260+05:30,121.95,,4061850
2025-09-05 10:57:54.685360+05:30,121.85,,4061850
2025-09-05 10:57:55.174339+05:30,121.8,,4061850
2025-09-05 10:57:55.735331+05:30,121.85,,4061850
2025-09-05 10:57:55.913143+05:30,121.85,,4061850
2025-09-05 10:57:56.224218+05:30,121.55,,4061850
2025-09-05 10:57:57.005147+05:30,121.85,,4061850
2025-09-05 10:57:57.195561+05:30,121.5,,4061850
2025-09-05 10:57:57.391837+05:30,121.9,,4061850
2025-09-05 10:57:57.782127+05:30,122.6,,4061850
2025-09-05 10:57:57.967416+05:30,122.55,,4061850
2025-09-05 10:57:58.707538+05:30,122.55,,4061850
2025-09-05 10:57:59.185540+05:30,122.8,,4061850
2025-09-05 10:57:59.392143+05:30,122.55,,4061850
2025-09-05 10:57:59.680191+05:30,122.45,,4061850
2025-09-05 10:58:00.227608+05:30,122.85,,4061850
2025-09-05 10:58:00.478921+05:30,122.85,,4061850
2025-09-05 10:58:00.936686+05:30,122.1,,4061850
2025-09-05 10:58:01.207770+05:30,122.05,,4061850
2025-09-05 10:58:01.674136+05:30,121.55,,4061850
2025-09-05 10:58:11.122744+05:30,121.35,,4061850
2025-09-05 10:58:11.151869+05:30,121.9,,4061850
2025-09-05 10:58:11.265444+05:30,121.6,,4061850
2025-09-05 10:58:11.346265+05:30,122.35,,4061850
2025-09-05 10:58:11.425169+05:30,121.9,,4061850
2025-09-05 10:58:11.481264+05:30,122.25,,4061850
2025-09-05 10:58:11.499407+05:30,123.85,,4061850
2025-09-05 10:58:11.591124+05:30,123.85,,4061850
2025-09-05 10:58:11.706517+05:30,123.45,,4061850
2025-09-05 10:58:11.822084+05:30,124.0,,4061850
2025-09-05 10:58:11.905099+05:30,124.75,,4061850
2025-09-05 10:58:12.044372+05:30,125.3,,4061850
2025-09-05 10:58:12.141345+05:30,124.5,,4061850
2025-09-05 10:58:12.249739+05:30,125.0,,4061850
2025-09-05 10:58:12.396157+05:30,124.8,,4061850
2025-09-05 10:58:12.602631+05:30,124.45,,4061850
2025-09-05 10:58:12.787714+05:30,123.85,,4061850
2025-09-05 10:58:12.970984+05:30,123.35,,4061850
2025-09-05 10:58:13.173913+05:30,123.8,,4061850
2025-09-05 10:58:13.296733+05:30,123.8,,4061850
2025-09-05 10:58:13.524045+05:30,123.45,,4061850
2025-09-05 10:58:13.691726+05:30,124.2,,4061850
2025-09-05 10:58:13.766766+05:30,124.2,,4061850
2025-09-05 10:58:13.871730+05:30,124.65,,4061850
2025-09-05 10:58:13.981777+05:30,124.0,,4061850
2025-09-05 10:58:14.198648+05:30,123.9,,4061850
2025-09-05 10:58:14.364387+05:30,124.0,,4061850
2025-09-05 10:58:14.685336+05:30,124.0,,4061850
2025-09-05 10:58:15.164138+05:30,123.95,,4061850
2025-09-05 10:58:15.745129+05:30,124.25,,4061850
2025-09-05 10:58:16.191530+05:30,124.2,,4061850
2025-09-05 10:58:16.391817+05:30,123.8,,4061850
2025-09-05 10:58:17.163817+05:30,122.95,,4061850
2025-09-05 10:58:17.451781+05:30,122.7,,4061850
2025-09-05 10:58:17.952500+05:30,123.2,,4061850
2025-09-05 10:58:18.892289+05:30,123.7,,4061850
2025-09-05 10:58:19.739123+05:30,123.45,,4061850
2025-09-05 10:58:20.000663+05:30,123.55,,4061850
2025-09-05 10:58:20.219096+05:30,123.8,,4061850
2025-09-05 10:58:20.773685+05:30,123.15,,4061850
2025-09-05 10:58:21.173708+05:30,123.3,,4061850
2025-09-05 10:58:21.918942+05:30,123.65,,4061850
2025-09-05 10:58:22.198179+05:30,123.6,,4061850
2025-09-05 10:58:22.478818+05:30,123.7,,4061850
2025-09-05 10:58:23.030311+05:30,123.1,,4061850
2025-09-05 10:58:23.950346+05:30,122.8,,4061850
2025-09-05 10:58:24.170639+05:30,122.8,,4061850
2025-09-05 10:58:24.465471+05:30,122.95,,4061850
2025-09-05 10:58:25.031834+05:30,122.5,,4061850
2025-09-05 10:58:25.714679+05:30,123.0,,4061850
2025-09-05 10:58:26.205142+05:30,122.7,,4061850
2025-09-05 10:58:26.994877+05:30,123.4,,4061850
2025-09-05 10:58:27.141785+05:30,123.65,,4061850
2025-09-05 10:58:27.491171+05:30,123.65,,4061850
2025-09-05 10:58:27.722496+05:30,123.45,,4061850
2025-09-05 10:58:28.181559+05:30,124.0,,4061850
2025-09-05 10:58:28.984792+05:30,124.35,,4061850
2025-09-05 10:58:29.166770+05:30,124.0,,4061850
2025-09-05 10:58:29.451893+05:30,124.25,,4061850
2025-09-05 10:58:29.994494+05:30,124.35,,4061850
2025-09-05 10:58:30.439687+05:30,124.35,,4061850
2025-09-05 10:58:30.719422+05:30,124.7,,4061850
2025-09-05 10:58:30.911027+05:30,125.0,,4061850
2025-09-05 10:58:31.197068+05:30,125.1,,4061850
2025-09-05 10:58:32.011303+05:30,125.3,,4061850
2025-09-05 10:58:32.159033+05:30,125.25,,4061850
2025-09-05 10:58:32.420642+05:30,125.2,,4061850
2025-09-05 10:58:32.733637+05:30,125.2,,4061850
2025-09-05 10:58:33.254832+05:30,124.35,,4061850
2025-09-05 10:58:34.021475+05:30,124.55,,4061850
2025-09-05 10:58:34.184534+05:30,124.55,,4061850
2025-09-05 10:58:34.387895+05:30,124.15,,4061850
2025-09-05 10:58:34.957305+05:30,124.15,,4061850
2025-09-05 10:58:35.197327+05:30,124.0,,4061850
2025-09-05 10:58:35.746945+05:30,124.4,,4061850
2025-09-05 10:58:35.997665+05:30,124.4,,4061850
2025-09-05 10:58:36.191747+05:30,124.4,,4061850
2025-09-05 10:58:36.988733+05:30,124.2,,4061850
2025-09-05 10:58:37.208861+05:30,123.9,,4061850
2025-09-05 10:58:37.414150+05:30,124.0,,4061850
2025-09-05 10:58:37.658740+05:30,124.0,,4061850
2025-09-05 10:58:37.987896+05:30,123.75,,4061850
2025-09-05 10:58:38.992908+05:30,123.7,,4061850
2025-09-05 10:58:39.199197+05:30,123.45,,4061850
2025-09-05 10:58:39.401192+05:30,123.7,,4061850
2025-09-05 10:58:40.031128+05:30,123.5,,4061850
2025-09-05 10:58:40.681186+05:30,123.4,,4061850
2025-09-05 10:58:41.229623+05:30,123.0,,4061850
2025-09-05 10:58:41.946292+05:30,123.1,,4061850
2025-09-05 10:58:42.168959+05:30,123.2,,4061850
2025-09-05 10:58:42.516995+05:30,122.95,,4061850
2025-09-05 10:58:42.668808+05:30,123.0,,4061850
2025-09-05 10:58:43.163668+05:30,122.7,,4061850
2025-09-05 10:58:43.918939+05:30,122.6,,4061850
2025-09-05 10:58:44.168709+05:30,122.85,,4061850
2025-09-05 10:58:44.450284+05:30,122.6,,4061850
2025-09-05 10:58:44.925229+05:30,122.05,,4061850
2025-09-05 10:59:11.059949+05:30,122.05,,4061850
2025-09-05 10:59:11.116384+05:30,122.15,,4061850
2025-09-05 10:59:11.230987+05:30,121.7,,4061850
2025-09-05 10:59:11.356511+05:30,121.5,,4061850
2025-09-05 10:59:11.477948+05:30,121.65,,4061850
2025-09-05 10:59:11.533203+05:30,121.75,,4061850
2025-09-05 10:59:11.731094+05:30,122.2,,4061850
2025-09-05 10:59:11.801467+05:30,121.8,,4061850
2025-09-05 10:59:12.168321+05:30,121.5,,4061850
2025-09-05 10:59:12.274932+05:30,121.75,,4061850
2025-09-05 10:59:12.446627+05:30,121.95,,4061850
2025-09-05 10:59:12.491417+05:30,121.8,,4061850
2025-09-05 10:59:12.614309+05:30,121.75,,4061850
2025-09-05 10:59:12.735453+05:30,121.4,,4061850
2025-09-05 10:59:12.903463+05:30,120.95,,4061850
2025-09-05 10:59:13.133686+05:30,120.85,,4061850
2025-09-05 10:59:13.199747+05:30,120.85,,4061850
2025-09-05 10:59:13.337606+05:30,120.9,,4061850
2025-09-05 10:59:13.417420+05:30,120.75,,4061850
2025-09-05 10:59:13.767808+05:30,120.85,,4061850
2025-09-05 10:59:14.088978+05:30,121.2,,4061850
2025-09-05 10:59:14.181363+05:30,120.85,,4061850
2025-09-05 10:59:14.271908+05:30,120.8,,4061850
2025-09-05 10:59:14.400927+05:30,120.8,,4061850
2025-09-05 10:59:14.524484+05:30,120.8,,4061850
2025-09-05 10:59:14.601120+05:30,120.85,,4061850
2025-09-05 10:59:14.881190+05:30,119.9,,4061850
2025-09-05 10:59:14.969126+05:30,119.8,,4061850
2025-09-05 10:59:15.204987+05:30,120.0,,4061850
2025-09-05 10:59:15.276776+05:30,120.1,,4061850
2025-09-05 10:59:15.290728+05:30,120.4,,4061850
2025-09-05 10:59:15.523973+05:30,121.05,,4061850
2025-09-05 10:59:15.688997+05:30,120.9,,4061850
2025-09-05 10:59:15.978305+05:30,121.4,,4061850
2025-09-05 10:59:16.044184+05:30,121.75,,4061850
2025-09-05 10:59:16.292845+05:30,122.5,,4061850
2025-09-05 10:59:16.418796+05:30,122.1,,4061850
2025-09-05 10:59:16.604858+05:30,121.55,,4061850
2025-09-05 10:59:16.748520+05:30,121.5,,4061850
2025-09-05 10:59:16.804981+05:30,121.65,,4061850
2025-09-05 10:59:17.141000+05:30,121.5,,4061850
2025-09-05 10:59:17.211413+05:30,121.5,,4061850
2025-09-05 10:59:17.601591+05:30,121.55,,4061850
2025-09-05 10:59:17.759372+05:30,121.3,,4061850
2025-09-05 10:59:18.045690+05:30,120.4,,4061850
2025-09-05 10:59:18.143200+05:30,120.15,,4061850
2025-09-05 10:59:18.398416+05:30,120.4,,4061850
2025-09-05 10:59:18.564417+05:30,120.4,,4061850
2025-09-05 10:59:18.586620+05:30,120.2,,4061850
2025-09-05 10:59:18.868886+05:30,119.65,,4061850
2025-09-05 10:59:19.040737+05:30,119.6,,4061850
2025-09-05 10:59:19.452216+05:30,119.35,,4061850
2025-09-05 10:59:19.486140+05:30,119.45,,4061850
2025-09-05 10:59:19.638689+05:30,119.45,,4061850
2025-09-05 10:59:19.942938+05:30,119.6,,4061850
2025-09-05 10:59:20.216228+05:30,119.8,,4061850
2025-09-05 10:59:20.369437+05:30,119.35,,4061850
2025-09-05 10:59:20.400270+05:30,119.25,,4061850
2025-09-05 10:59:20.579454+05:30,119.3,,4061850
2025-09-05 10:59:20.837510+05:30,119.75,,4061850
2025-09-05 10:59:20.970623+05:30,119.9,,4061850
2025-09-05 10:59:21.161881+05:30,119.85,,4061850
2025-09-05 10:59:21.407127+05:30,119.65,,4061850
2025-09-05 10:59:21.568634+05:30,119.15,,4061850
2025-09-05 10:59:21.745905+05:30,118.35,,4061850
2025-09-05 10:59:21.864714+05:30,118.4,,4061850
2025-09-05 10:59:22.018152+05:30,118.4,,4061850
2025-09-05 10:59:22.167766+05:30,118.5,,4061850
2025-09-05 10:59:22.243076+05:30,118.8,,4061850
2025-09-05 10:59:22.393243+05:30,119.05,,4061850
2025-09-05 10:59:22.472487+05:30,119.15,,4061850
2025-09-05 10:59:22.623194+05:30,118.8,,4061850
2025-09-05 10:59:22.819517+05:30,119.3,,4061850
2025-09-05 10:59:22.912534+05:30,119.3,,4061850
2025-09-05 10:59:23.347625+05:30,119.6,,4061850
2025-09-05 10:59:23.419422+05:30,119.95,,4061850
2025-09-05 10:59:23.595950+05:30,119.25,,4061850
2025-09-05 10:59:23.707095+05:30,119.0,,4061850
2025-09-05 10:59:23.903149+05:30,119.15,,4061850
2025-09-05 10:59:24.119121+05:30,119.7,,4061850
2025-09-05 10:59:24.300621+05:30,119.85,,4061850
2025-09-05 10:59:24.482154+05:30,119.4,,4061850
2025-09-05 10:59:24.579638+05:30,119.4,,4061850
2025-09-05 10:59:24.801496+05:30,119.4,,4061850
2025-09-05 10:59:25.069947+05:30,119.35,,4061850
2025-09-05 10:59:25.240643+05:30,119.35,,4061850
2025-09-05 10:59:25.319250+05:30,118.75,,4061850
2025-09-05 10:59:25.370022+05:30,118.65,,4061850
2025-09-05 10:59:25.577246+05:30,119.3,,4061850
2025-09-05 10:59:25.674481+05:30,119.25,,4061850
2025-09-05 10:59:25.761660+05:30,119.05,,4061850
2025-09-05 10:59:26.060212+05:30,118.1,,4061850
2025-09-05 10:59:26.202073+05:30,118.65,,4061850
2025-09-05 10:59:26.290536+05:30,118.55,,4061850
2025-09-05 10:59:26.436936+05:30,118.2,,4061850
2025-09-05 10:59:26.598139+05:30,118.7,,4061850
2025-09-05 11:00:11.071382+05:30,118.95,,4061850
2025-09-05 11:00:11.113514+05:30,118.95,,4061850
2025-09-05 11:00:11.171310+05:30,119.45,,4061850
2025-09-05 11:00:11.252109+05:30,119.15,,4061850
2025-09-05 11:00:11.373558+05:30,119.15,,4061850
2025-09-05 11:00:11.428410+05:30,119.5,,4061850
2025-09-05 11:00:11.608235+05:30,119.2,,4061850
2025-09-05 11:00:11.705463+05:30,119.2,,4061850
2025-09-05 11:00:11.820139+05:30,119.4,,4061850
2025-09-05 11:00:11.987748+05:30,119.4,,4061850
2025-09-05 11:00:12.107485+05:30,119.4,,4061850
2025-09-05 11:00:12.355485+05:30,119.15,,4061850
2025-09-05 11:00:12.473802+05:30,119.4,,4061850
2025-09-05 11:00:12.607163+05:30,119.75,,4061850
2025-09-05 11:00:12.633155+05:30,120.0,,4061850
2025-09-05 11:00:12.757211+05:30,120.0,,4061850
2025-09-05 11:00:12.944904+05:30,121.85,,4061850
2025-09-05 11:00:13.063615+05:30,121.5,,4061850
2025-09-05 11:00:13.187574+05:30,121.6,,4061850
2025-09-05 11:00:13.307720+05:30,120.95,,4061850
2025-09-05 11:00:13.645539+05:30,121.1,,4061850
2025-09-05 11:00:13.853750+05:30,120.95,,4061850
2025-09-05 11:00:13.889282+05:30,120.25,,4061850
2025-09-05 11:00:14.083260+05:30,120.15,,4061850
2025-09-05 11:00:14.180163+05:30,120.0,,4061850
2025-09-05 11:00:14.438339+05:30,120.5,,4061850
2025-09-05 11:00:14.552386+05:30,120.5,,4061850
2025-09-05 11:00:14.712430+05:30,120.3,,4061850
2025-09-05 11:00:14.816505+05:30,120.2,,4061850
2025-09-05 11:00:15.126778+05:30,120.4,,4061850
2025-09-05 11:00:15.304634+05:30,120.35,,4061850
2025-09-05 11:00:15.424804+05:30,120.35,,4061850
2025-09-05 11:00:15.771331+05:30,120.35,,4061850
2025-09-05 11:00:15.886879+05:30,120.1,,4061850
2025-09-05 11:00:16.064384+05:30,120.0,,4061850
2025-09-05 11:00:16.201211+05:30,120.0,,4061850
2025-09-05 11:00:16.456926+05:30,120.15,,4061850
2025-09-05 11:00:16.472893+05:30,120.25,,4061850
2025-09-05 11:00:16.556434+05:30,120.25,,4061850
2025-09-05 11:00:16.658474+05:30,120.3,,4061850
2025-09-05 11:00:16.913725+05:30,120.3,,4061850
2025-09-05 11:00:16.984265+05:30,120.3,,4061850
2025-09-05 11:00:17.152529+05:30,120.3,,4061850
2025-09-05 11:00:17.393684+05:30,120.25,,4061850
2025-09-05 11:00:17.602664+05:30,120.5,,4061850
2025-09-05 11:00:17.703267+05:30,120.45,,4061850
2025-09-05 11:00:17.711608+05:30,120.4,,4061850
2025-09-05 11:00:17.822520+05:30,120.7,,4061850
2025-09-05 11:00:17.954378+05:30,120.85,,4061850
2025-09-05 11:00:18.005143+05:30,121.0,,4061850
2025-09-05 11:00:18.095168+05:30,120.7,,4061850
2025-09-05 11:00:18.214449+05:30,120.6,,4061850
2025-09-05 11:00:18.481447+05:30,120.75,,4061850
2025-09-05 11:00:18.705967+05:30,120.75,,4061850
2025-09-05 11:00:18.738223+05:30,120.85,,4061850
2025-09-05 11:00:18.942977+05:30,121.05,,4061850
2025-09-05 11:00:19.114411+05:30,121.05,,4061850
2025-09-05 11:00:19.251105+05:30,121.15,,4061850
2025-09-05 11:00:19.446175+05:30,121.1,,4061850
2025-09-05 11:00:19.580822+05:30,120.95,,4061850
2025-09-05 11:00:19.849417+05:30,120.8,,4061850
2025-09-05 11:00:19.978458+05:30,121.05,,4061850
2025-09-05 11:00:20.085083+05:30,121.05,,4061850
2025-09-05 11:00:20.167214+05:30,121.1,,4061850
2025-09-05 11:00:20.281776+05:30,121.1,,4061850
2025-09-05 11:00:20.527480+05:30,121.15,,4061850
2025-09-05 11:00:20.716928+05:30,121.0,,4061850
2025-09-05 11:00:21.101926+05:30,120.7,,4061850
2025-09-05 11:00:21.336521+05:30,119.7,,4061850
2025-09-05 11:00:21.531090+05:30,119.8,,4061850
2025-09-05 11:00:21.574468+05:30,119.8,,4061850
2025-09-05 11:00:21.855742+05:30,120.1,,4061850
2025-09-05 11:00:22.023021+05:30,119.75,,4061850
2025-09-05 11:00:22.045192+05:30,119.65,,4061850
2025-09-05 11:00:22.216856+05:30,120.1,,4061850
2025-09-05 11:00:22.337538+05:30,119.85,,4061850
2025-09-05 11:00:22.522599+05:30,119.1,,4061850
2025-09-05 11:00:22.658186+05:30,119.0,,4061850
2025-09-05 11:00:22.950478+05:30,118.85,,4061850
2025-09-05 11:00:23.044874+05:30,118.85,,4061850
2025-09-05 11:00:23.113517+05:30,118.95,,4061850
2025-09-05 11:00:23.407120+05:30,119.2,,4061850
2025-09-05 11:00:23.564043+05:30,118.95,,4061850
2025-09-05 11:00:23.801255+05:30,118.95,,4061850
2025-09-05 11:00:23.855257+05:30,117.9,,4061850
2025-09-05 11:00:23.971351+05:30,118.25,,4061850
2025-09-05 11:00:24.136694+05:30,118.1,,4061850
2025-09-05 11:00:24.269612+05:30,118.1,,4061850
2025-09-05 11:00:24.311462+05:30,117.95,,4061850
2025-09-05 11:00:24.603562+05:30,118.5,,4061850
2025-09-05 11:00:24.733057+05:30,118.5,,4061850
2025-09-05 11:00:25.026127+05:30,119.25,,4061850
2025-09-05 11:00:25.112685+05:30,119.65,,4061850
2025-09-05 11:00:25.203597+05:30,119.15,,4061850
2025-09-05 11:00:25.481389+05:30,119.7,,4061850
2025-09-05 11:00:25.594328+05:30,119.2,,4061850
2025-09-05 11:00:25.884990+05:30,119.05,,4061850
2025-09-05 11:00:25.982739+05:30,119.2,,4061850
2025-09-05 11:00:56.365907+05:30,119.5,,4061850
2025-09-05 11:00:56.402347+05:30,119.8,,4061850
2025-09-05 11:00:56.481079+05:30,119.7,,4061850
2025-09-05 11:00:56.682124+05:30,120.2,,4061850
2025-09-05 11:00:56.769199+05:30,120.15,,4061850
2025-09-05 11:00:57.015777+05:30,120.4,,4061850
2025-09-05 11:00:57.164585+05:30,120.25,,4061850
2025-09-05 11:00:57.235435+05:30,120.4,,4061850
2025-09-05 11:00:57.332080+05:30,120.75,,4061850
2025-09-05 11:00:57.568689+05:30,120.75,,4061850
2025-09-05 11:00:57.783305+05:30,120.25,,4061850
2025-09-05 11:00:57.865714+05:30,120.3,,4061850
2025-09-05 11:00:58.046818+05:30,120.25,,4061850
2025-09-05 11:00:58.108058+05:30,120.25,,4061850
2025-09-05 11:00:58.168178+05:30,120.3,,4061850
2025-09-05 11:00:58.265334+05:30,120.3,,4061850
2025-09-05 11:00:58.306223+05:30,119.85,,4061850
2025-09-05 11:00:58.522366+05:30,119.9,,4061850
2025-09-05 11:00:58.542940+05:30,119.95,,4061850
2025-09-05 11:00:58.572914+05:30,120.0,,4061850
2025-09-05 11:00:58.700954+05:30,119.9,,4061850
2025-09-05 11:00:58.751042+05:30,119.7,,4061850
2025-09-05 11:00:58.906216+05:30,119.25,,4061850
2025-09-05 11:00:58.966984+05:30,119.65,,4061850
2025-09-05 11:00:59.121654+05:30,119.95,,4061850
2025-09-05 11:00:59.296148+05:30,120.2,,4061850
2025-09-05 11:00:59.369857+05:30,120.15,,4061850
2025-09-05 11:00:59.391475+05:30,120.0,,4061850
2025-09-05 11:00:59.564325+05:30,119.95,,4061850
2025-09-05 11:00:59.602449+05:30,120.1,,4061850
2025-09-05 11:00:59.896972+05:30,119.95,,4061850
2025-09-05 11:00:59.993963+05:30,119.95,,4061850
2025-09-05 11:01:00.057498+05:30,120.0,,4061850
2025-09-05 11:01:00.168000+05:30,119.7,,4061850
2025-09-05 11:01:00.373685+05:30,119.95,,4061850
2025-09-05 11:01:00.521918+05:30,120.0,,4061850
2025-09-05 11:01:00.638949+05:30,120.0,,4061850
2025-09-05 11:01:00.785333+05:30,120.35,,4061850
2025-09-05 11:01:01.056340+05:30,118.8,,4061850
2025-09-05 11:01:01.123140+05:30,118.65,,4061850
2025-09-05 11:01:01.220250+05:30,118.6,,4061850
2025-09-05 11:01:01.409886+05:30,118.7,,4061850
2025-09-05 11:01:01.543877+05:30,118.15,,4061850
2025-09-05 11:01:01.570278+05:30,118.0,,4061850
2025-09-05 11:01:01.779672+05:30,118.15,,4061850
2025-09-05 11:01:01.912128+05:30,118.15,,4061850
2025-09-05 11:01:02.008052+05:30,118.65,,4061850
2025-09-05 11:01:02.135723+05:30,118.5,,4061850
2025-09-05 11:01:02.238751+05:30,118.1,,4061850
2025-09-05 11:01:02.423375+05:30,117.7,,4061850
2025-09-05 11:01:02.519482+05:30,117.5,,4061850
2025-09-05 11:01:02.540449+05:30,118.2,,4061850
2025-09-05 11:01:02.549787+05:30,117.6,,4061850
2025-09-05 11:01:02.630538+05:30,117.85,,4061850
2025-09-05 11:01:02.722955+05:30,117.6,,4061850
2025-09-05 11:01:02.992054+05:30,119.75,,4061850
2025-09-05 11:01:03.018032+05:30,119.75,,4061850
2025-09-05 11:01:03.085648+05:30,119.3,,4061850
2025-09-05 11:01:03.276763+05:30,119.5,,4061850
2025-09-05 11:01:03.427740+05:30,119.7,,4061850
2025-09-05 11:01:03.667364+05:30,119.9,,4061850
2025-09-05 11:01:03.927863+05:30,120.05,,4061850
2025-09-05 11:01:04.132432+05:30,119.35,,4061850
2025-09-05 11:01:04.251214+05:30,119.65,,4061850
2025-09-05 11:01:04.340288+05:30,119.75,,4061850
2025-09-05 11:01:04.387922+05:30,119.4,,4061850
2025-09-05 11:01:04.642118+05:30,119.45,,4061850
2025-09-05 11:01:04.904140+05:30,119.4,,4061850
2025-09-05 11:01:04.927216+05:30,119.5,,4061850
2025-09-05 11:01:05.063209+05:30,119.45,,4061850
2025-09-05 11:01:05.250824+05:30,119.4,,4061850
2025-09-05 11:01:05.333915+05:30,119.85,,4061850
2025-09-05 11:01:05.456318+05:30,119.65,,4061850
2025-09-05 11:01:05.618162+05:30,119.65,,4061850
2025-09-05 11:01:05.661163+05:30,119.5,,4061850
2025-09-05 11:01:05.948225+05:30,119.6,,4061850
2025-09-05 11:01:06.089341+05:30,119.3,,4061850
2025-09-05 11:01:06.276872+05:30,119.5,,4061850
2025-09-05 11:01:06.344256+05:30,119.5,,4061850
2025-09-05 11:01:06.450460+05:30,119.25,,4061850
2025-09-05 11:01:06.689744+05:30,119.3,,4061850
2025-09-05 11:01:06.791416+05:30,119.05,,4061850
2025-09-05 11:01:06.862070+05:30,119.0,,4061850
2025-09-05 11:01:06.993655+05:30,118.0,,4061850
2025-09-05 11:01:07.088968+05:30,117.9,,4061850
2025-09-05 11:01:07.237363+05:30,118.05,,4061850
2025-09-05 11:01:07.312539+05:30,117.2,,4061850
2025-09-05 11:01:07.399195+05:30,117.45,,4061850
2025-09-05 11:01:07.605224+05:30,117.8,,4061850
2025-09-05 11:01:07.661302+05:30,117.8,,4061850
2025-09-05 11:01:07.696403+05:30,118.6,,4061850
2025-09-05 11:01:07.785298+05:30,119.25,,4021425
2025-09-05 11:01:07.847220+05:30,120.0,,4021425
2025-09-05 11:01:07.953379+05:30,119.25,,4021425
2025-09-05 11:01:08.081295+05:30,119.6,,4021425
2025-09-05 11:01:08.210137+05:30,119.9,,4021425
2025-09-05 11:01:08.357886+05:30,119.9,,4021425
2025-09-05 11:01:08.393871+05:30,119.55,,4021425
2025-09-05 11:01:08.508680+05:30,119.3,,4021425
2025-09-05 11:01:08.567616+05:30,119.55,,4021425
2025-09-05 11:01:08.764540+05:30,120.0,,4021425
2025-09-05 11:01:08.874076+05:30,119.9,,4021425
2025-09-05 11:01:08.941507+05:30,120.0,,4021425
2025-09-05 11:01:09.001466+05:30,120.15,,4021425
2025-09-05 11:01:09.122086+05:30,120.2,,4021425
2025-09-05 11:01:09.362451+05:30,119.85,,4021425
2025-09-05 11:01:09.497941+05:30,119.85,,4021425
2025-09-05 11:01:09.565291+05:30,119.85,,4021425
2025-09-05 11:01:09.667297+05:30,120.2,,4021425
2025-09-05 11:01:09.764938+05:30,120.05,,4021425
2025-09-05 11:01:09.937060+05:30,119.85,,4021425
2025-09-05 11:01:10.082754+05:30,119.5,,4021425
2025-09-05 11:01:10.188377+05:30,119.8,,4021425
2025-09-05 11:01:10.403495+05:30,119.7,,4021425
2025-09-05 11:01:10.547397+05:30,119.5,,4021425
2025-09-05 11:01:10.583514+05:30,119.5,,4021425
2025-09-05 11:01:10.754037+05:30,119.7,,4021425
2025-09-05 11:01:10.856030+05:30,119.8,,4021425
2025-09-05 11:01:11.050887+05:30,119.25,,4021425
2025-09-05 11:01:11.211816+05:30,119.45,,4021425
2025-09-05 11:01:11.296531+05:30,119.3,,4021425
2025-09-05 11:01:11.549162+05:30,118.5,,4021425
2025-09-05 11:01:11.578137+05:30,118.55,,4021425
2025-09-05 11:01:11.748371+05:30,118.65,,4021425
2025-09-05 11:01:11.765902+05:30,118.8,,4021425
2025-09-05 11:01:11.885357+05:30,118.25,,4021425
2025-09-05 11:01:12.087494+05:30,118.25,,4021425
2025-09-05 11:01:12.229674+05:30,118.25,,4021425
2025-09-05 11:01:12.315046+05:30,118.55,,4021425
2025-09-05 11:01:12.434091+05:30,118.0,,4021425
2025-09-05 11:01:12.469962+05:30,118.2,,4021425
2025-09-05 11:01:12.553769+05:30,118.35,,4021425
2025-09-05 11:01:12.769962+05:30,117.75,,4021425
2025-09-05 11:01:12.918611+05:30,118.05,,4021425
2025-09-05 11:01:13.002692+05:30,117.7,,4021425
2025-09-05 11:01:13.093096+05:30,116.8,,4021425
2025-09-05 11:01:13.239238+05:30,116.5,,4021425
2025-09-05 11:01:13.360410+05:30,117.0,,4021425
2025-09-05 11:01:13.423417+05:30,116.8,,4021425
2025-09-05 11:01:13.525941+05:30,116.4,,4021425
2025-09-05 11:01:13.702201+05:30,116.2,,4021425
2025-09-05 11:01:13.839154+05:30,116.65,,4021425
2025-09-05 11:01:13.860620+05:30,117.3,,4021425
2025-09-05 11:01:13.962306+05:30,116.85,,4021425
2025-09-05 11:01:14.037569+05:30,117.0,,4021425
2025-09-05 11:01:14.161067+05:30,117.2,,4021425
2025-09-05 11:01:14.281550+05:30,117.05,,4021425
2025-09-05 11:01:14.472828+05:30,117.15,,4021425
2025-09-05 11:01:14.604280+05:30,117.7,,4021425
2025-09-05 11:01:14.633740+05:30,117.45,,4021425
2025-09-05 11:01:14.753496+05:30,117.85,,4021425
2025-09-05 11:01:14.934823+05:30,118.25,,4021425
2025-09-05 11:01:14.954552+05:30,118.15,,4021425
2025-09-05 11:01:15.057642+05:30,117.95,,4021425
2025-09-05 11:01:15.194331+05:30,117.95,,4021425
2025-09-05 11:01:15.434183+05:30,117.9,,4021425
2025-09-05 11:01:15.558906+05:30,117.8,,4021425
2025-09-05 11:01:15.598330+05:30,117.7,,4021425
2025-09-05 11:01:15.766591+05:30,117.6,,4021425
2025-09-05 11:01:15.891656+05:30,117.6,,4021425
2025-09-05 11:01:16.037556+05:30,117.7,,4021425
2025-09-05 11:01:16.199447+05:30,117.3,,4021425
2025-09-05 11:01:16.216779+05:30,116.75,,4021425
2025-09-05 11:01:16.385657+05:30,116.65,,4021425
2025-09-05 11:01:16.444095+05:30,117.15,,4021425
2025-09-05 11:01:16.621956+05:30,117.15,,4021425
2025-09-05 11:01:16.748775+05:30,117.45,,4021425
2025-09-05 11:01:16.802640+05:30,117.3,,4021425
2025-09-05 11:01:17.126918+05:30,117.0,,4021425
2025-09-05 11:01:17.246190+05:30,116.55,,4021425
2025-09-05 11:01:17.401909+05:30,116.25,,4021425
2025-09-05 11:01:17.462578+05:30,117.0,,4021425
2025-09-05 11:01:17.506423+05:30,116.8,,4021425
2025-09-05 11:01:17.768812+05:30,116.65,,4021425
2025-09-05 11:01:17.857262+05:30,116.5,,4021425
2025-09-05 11:01:17.942316+05:30,116.15,,4021425
2025-09-05 11:01:18.108943+05:30,116.25,,4021425
2025-09-05 11:01:18.171614+05:30,116.25,,4021425
2025-09-05 11:01:18.361359+05:30,116.9,,4021425
2025-09-05 11:01:18.430982+05:30,116.55,,4021425
2025-09-05 11:01:18.527121+05:30,116.55,,4021425
2025-09-05 11:01:18.685340+05:30,116.55,,4021425
2025-09-05 11:01:18.752190+05:30,116.8,,4021425
2025-09-05 11:01:18.798883+05:30,116.65,,4021425
2025-09-05 11:01:18.915282+05:30,117.3,,4021425
2025-09-05 11:01:19.016422+05:30,117.45,,4021425
2025-09-05 11:01:19.210290+05:30,117.15,,4021425
2025-09-05 11:01:19.934245+05:30,117.55,,4021425
2025-09-05 11:01:20.228253+05:30,117.9,,4021425
2025-09-05 11:01:20.711127+05:30,117.45,,4021425
2025-09-05 11:01:20.957688+05:30,117.5,,4021425
2025-09-05 11:01:21.214536+05:30,117.65,,4021425
2025-09-05 11:01:21.701678+05:30,117.25,,4021425
2025-09-05 11:01:21.949092+05:30,117.05,,4021425
2025-09-05 11:01:22.143571+05:30,116.9,,4021425
2025-09-05 11:01:22.903559+05:30,116.85,,4021425
2025-09-05 11:01:23.262623+05:30,117.25,,4021425
2025-09-05 11:01:23.514484+05:30,117.15,,4021425
2025-09-05 11:01:23.975338+05:30,116.8,,4021425
2025-09-05 11:01:24.195658+05:30,116.8,,4021425
2025-09-05 11:01:24.977716+05:30,117.05,,4021425
2025-09-05 11:01:25.170859+05:30,117.15,,4021425
2025-09-05 11:01:25.424734+05:30,116.85,,4021425
2025-09-05 11:01:25.988156+05:30,119.5,,4021425
2025-09-05 11:01:26.165825+05:30,119.45,,4021425
2025-09-05 11:01:26.685446+05:30,119.55,,4021425
2025-09-05 11:01:26.894310+05:30,119.4,,4021425
2025-09-05 11:01:27.226850+05:30,119.5,,4021425
2025-09-05 11:01:27.912524+05:30,119.4,,4021425
2025-09-05 11:01:28.270153+05:30,119.25,,4021425
2025-09-05 11:01:28.505348+05:30,119.5,,4021425
2025-09-05 11:01:28.939483+05:30,118.8,,4021425
2025-09-05 11:01:29.172075+05:30,119.15,,4021425
2025-09-05 11:01:30.019582+05:30,119.15,,4021425
2025-09-05 11:01:30.212885+05:30,119.15,,4021425
2025-09-05 11:01:30.671681+05:30,119.35,,4021425
2025-09-05 11:01:30.913628+05:30,118.95,,4021425
2025-09-05 11:01:31.195926+05:30,119.35,,4021425
2025-09-05 11:01:31.782518+05:30,119.5,,4021425
2025-09-05 11:01:31.983878+05:30,119.45,,4021425
2025-09-05 11:01:32.210679+05:30,119.45,,4021425
2025-09-05 11:01:32.925503+05:30,119.85,,4021425
2025-09-05 11:01:33.265966+05:30,119.7,,4021425
2025-09-05 11:01:33.467163+05:30,119.7,,4021425
2025-09-05 11:01:33.899632+05:30,118.9,,4021425
2025-09-05 11:01:34.244790+05:30,118.85,,4021425
2025-09-05 11:01:35.027860+05:30,118.85,,4021425
2025-09-05 11:01:35.238428+05:30,118.95,,4021425
2025-09-05 11:01:35.446776+05:30,119.4,,4021425
2025-09-05 11:01:35.931803+05:30,119.2,,4021425
2025-09-05 11:01:36.219556+05:30,118.55,,4021425
2025-09-05 11:01:36.777728+05:30,118.8,,4021425
2025-09-05 11:01:36.974918+05:30,118.75,,4021425
2025-09-05 11:01:37.174574+05:30,118.35,,4021425
2025-09-05 11:01:37.975689+05:30,117.95,,4021425
2025-09-05 11:01:38.164872+05:30,117.75,,4021425
2025-09-05 11:01:38.917350+05:30,117.0,,4021425
2025-09-05 11:01:39.223469+05:30,116.9,,4021425
2025-09-05 11:01:39.965392+05:30,116.3,,4021425
2025-09-05 11:01:40.197301+05:30,116.55,,4021425
2025-09-05 11:01:40.430777+05:30,116.55,,4021425
2025-09-05 11:01:40.963192+05:30,116.4,,4021425
2025-09-05 11:01:41.210234+05:30,116.5,,4021425
2025-09-05 11:01:41.782556+05:30,116.8,,4021425
2025-09-05 11:01:41.913051+05:30,116.75,,4021425
2025-09-05 11:01:42.243129+05:30,116.75,,4021425
2025-09-05 11:01:42.977725+05:30,117.75,,4021425
2025-09-05 11:01:43.173559+05:30,117.75,,4021425
2025-09-05 11:01:43.398146+05:30,117.55,,4021425
2025-09-05 11:01:43.960346+05:30,117.9,,4021425
2025-09-05 11:01:44.178432+05:30,117.65,,4021425
2025-09-05 11:01:44.951263+05:30,116.65,,4021425
2025-09-05 11:01:45.253002+05:30,116.4,,4021425
2025-09-05 11:01:45.414873+05:30,116.75,,4021425
2025-09-05 11:01:45.951469+05:30,116.4,,4021425
2025-09-05 11:01:46.157946+05:30,116.7,,4021425
2025-09-05 11:01:46.909688+05:30,116.5,,4021425
2025-09-05 11:01:47.174229+05:30,116.5,,4021425
2025-09-05 11:01:47.956430+05:30,116.25,,4021425
2025-09-05 11:01:48.244082+05:30,116.5,,4021425
2025-09-05 11:01:48.386149+05:30,116.55,,4021425
2025-09-05 11:01:48.928741+05:30,116.4,,4021425
2025-09-05 11:01:49.227192+05:30,116.55,,4021425
2025-09-05 11:01:49.955289+05:30,117.0,,4021425
2025-09-05 11:01:50.164269+05:30,117.1,,4021425
2025-09-05 11:01:50.702210+05:30,117.0,,4021425
2025-09-05 11:01:50.890966+05:30,116.85,,4021425
2025-09-05 11:01:51.213342+05:30,116.95,,4021425
2025-09-05 11:01:51.680150+05:30,117.0,,4021425
2025-09-05 11:01:51.907370+05:30,116.7,,4021425
2025-09-05 11:01:52.198340+05:30,116.3,,4021425
2025-09-05 11:01:52.908751+05:30,116.15,,4021425
2025-09-05 11:01:53.222825+05:30,116.4,,4021425
2025-09-05 11:01:53.390681+05:30,116.4,,4021425
2025-09-05 11:01:53.947972+05:30,116.3,,4021425
2025-09-05 11:01:54.226763+05:30,116.65,,4021425
2025-09-05 11:01:54.961500+05:30,116.35,,4021425
2025-09-05 11:01:55.169194+05:30,116.35,,4021425
2025-09-05 11:01:55.428619+05:30,116.45,,4021425
2025-09-05 11:01:55.977256+05:30,116.4,,4021425
2025-09-05 11:01:56.199439+05:30,116.25,,4021425
2025-09-05 11:01:56.983862+05:30,115.25,,4021425
2025-09-05 11:01:57.205714+05:30,115.55,,4021425
2025-09-05 11:01:57.967779+05:30,115.75,,4021425
2025-09-05 11:01:58.173969+05:30,115.4,,4021425
2025-09-05 11:01:58.412352+05:30,115.2,,4021425
2025-09-05 11:01:58.946479+05:30,115.0,,4021425
2025-09-05 11:01:59.140854+05:30,115.65,,4021425
2025-09-05 11:01:59.918468+05:30,115.4,,4021425
2025-09-05 11:02:00.252225+05:30,115.1,,4021425
2025-09-05 11:02:00.429688+05:30,115.15,,4021425
2025-09-05 11:02:01.197157+05:30,115.3,,4021425
2025-09-05 11:02:01.664497+05:30,115.1,,4021425
2025-09-05 11:02:01.977677+05:30,115.0,,4021425
2025-09-05 11:02:02.255399+05:30,115.6,,4021425
2025-09-05 11:02:02.967462+05:30,115.45,,4021425
2025-09-05 11:02:03.167741+05:30,115.3,,4021425
2025-09-05 11:02:03.387059+05:30,115.0,,4021425
2025-09-05 11:02:03.908911+05:30,115.25,,4021425
2025-09-05 11:02:04.203652+05:30,115.2,,4021425
2025-09-05 11:02:04.973643+05:30,115.65,,4021425
2025-09-05 11:02:05.150858+05:30,115.65,,4021425
2025-09-05 11:02:05.743839+05:30,115.7,,4021425
2025-09-05 11:02:05.972747+05:30,115.75,,4021425
2025-09-05 11:02:06.201719+05:30,116.05,,4021425
2025-09-05 11:02:06.750443+05:30,115.95,,4021425
2025-09-05 11:02:06.909614+05:30,115.4,,4021425
2025-09-05 11:02:07.140519+05:30,115.4,,4021425
2025-09-05 11:02:07.973761+05:30,115.85,,4021425
2025-09-05 11:02:08.183634+05:30,115.4,,4021425
2025-09-05 11:02:08.751181+05:30,114.95,,4021425
2025-09-05 11:02:08.942385+05:30,115.25,,4021425
2025-09-05 11:02:09.407728+05:30,113.5,,4021425
2025-09-05 11:02:09.996649+05:30,113.85,,4021425
2025-09-05 11:02:10.426854+05:30,114.05,,4021425
2025-09-05 11:02:10.693335+05:30,114.0,,4021425
2025-09-05 11:02:10.918701+05:30,114.15,,4021425
2025-09-05 11:02:11.143796+05:30,114.25,,4021425
2025-09-05 11:02:11.648907+05:30,114.7,,4021425
2025-09-05 11:02:11.969996+05:30,115.3,,4021425
2025-09-05 11:02:12.140372+05:30,115.45,,4021425
2025-09-05 11:02:12.913128+05:30,115.85,,4021425
2025-09-05 11:02:13.144655+05:30,115.65,,4021425
2025-09-05 11:02:13.662999+05:30,115.7,,4021425
2025-09-05 11:02:13.954229+05:30,115.5,,4021425
2025-09-05 11:02:14.485675+05:30,115.65,,4021425
2025-09-05 11:02:14.996423+05:30,117.05,,4021425
2025-09-05 11:02:15.141329+05:30,116.65,,4021425
2025-09-05 11:02:15.390625+05:30,116.65,,4021425
2025-09-05 11:02:15.946257+05:30,116.6,,4021425
2025-09-05 11:02:16.168254+05:30,116.95,,4021425
2025-09-05 11:02:16.662774+05:30,116.4,,4021425
2025-09-05 11:02:16.957540+05:30,116.3,,4021425
2025-09-05 11:02:17.231043+05:30,116.95,,4021425
2025-09-05 11:02:17.939921+05:30,116.45,,4021425
2025-09-05 11:02:18.234631+05:30,116.45,,4021425
2025-09-05 11:02:18.683503+05:30,116.6,,4021425
2025-09-05 11:02:18.931500+05:30,116.7,,4021425
2025-09-05 11:02:19.402299+05:30,116.7,,4021425
2025-09-05 11:02:19.936777+05:30,116.75,,4021425
2025-09-05 11:02:20.433133+05:30,116.7,,4021425
2025-09-05 11:02:20.942405+05:30,116.75,,4021425
2025-09-05 11:02:21.432354+05:30,116.5,,4021425
2025-09-05 11:02:21.684104+05:30,116.35,,4021425
2025-09-05 11:02:21.955521+05:30,116.6,,4021425
2025-09-05 11:02:22.199079+05:30,116.5,,4021425
2025-09-05 11:02:22.938860+05:30,116.8,,4021425
2025-09-05 11:02:23.480472+05:30,116.75,,4021425
2025-09-05 11:02:23.674160+05:30,116.9,,4021425
2025-09-05 11:02:23.905605+05:30,116.8,,4021425
2025-09-05 11:02:24.428937+05:30,116.75,,4021425
2025-09-05 11:02:24.944991+05:30,115.9,,4021425
2025-09-05 11:02:25.240988+05:30,116.1,,4021425
2025-09-05 11:02:25.903355+05:30,116.5,,4021425
2025-09-05 11:02:26.425916+05:30,116.15,,4021425
2025-09-05 11:02:26.994494+05:30,116.75,,4021425
2025-09-05 11:02:27.179558+05:30,116.35,,4021425
2025-09-05 11:02:27.947112+05:30,116.55,,4021425
2025-09-05 11:02:28.242638+05:30,116.4,,4021425
2025-09-05 11:02:28.926749+05:30,116.15,,4021425
2025-09-05 11:02:29.487883+05:30,116.2,,4021425
2025-09-05 11:02:29.904678+05:30,116.55,,4021425
2025-09-05 11:02:30.405489+05:30,116.6,,4021425
2025-09-05 11:02:30.938159+05:30,116.05,,4021425
2025-09-05 11:02:31.395331+05:30,116.05,,4021425
2025-09-05 11:02:31.723241+05:30,115.9,,4021425
2025-09-05 11:02:31.933556+05:30,115.65,,4021425
2025-09-05 11:02:32.178751+05:30,115.9,,4021425
2025-09-05 11:02:32.993636+05:30,115.75,,4021425
2025-09-05 11:02:33.442091+05:30,116.05,,4021425
2025-09-05 11:02:33.666292+05:30,116.1,,4021425
2025-09-05 11:02:33.972572+05:30,115.9,,4021425
2025-09-05 11:02:34.237607+05:30,116.25,,4021425
2025-09-05 11:02:34.963203+05:30,116.35,,4021425
2025-09-05 11:02:35.208713+05:30,116.75,,4021425
2025-09-05 11:02:35.988782+05:30,116.7,,4021425
2025-09-05 11:02:36.409058+05:30,117.0,,4021425
2025-09-05 11:02:36.908162+05:30,116.75,,4021425
2025-09-05 11:02:37.205367+05:30,116.8,,4021425
2025-09-05 11:02:37.935161+05:30,117.1,,4021425
2025-09-05 11:02:38.137646+05:30,117.35,,4021425
2025-09-05 11:02:38.671773+05:30,117.05,,4021425
2025-09-05 11:02:38.923278+05:30,116.95,,4021425
2025-09-05 11:02:39.466514+05:30,116.9,,4021425
2025-09-05 11:02:40.225165+05:30,117.85,,4021425
2025-09-05 11:02:40.942301+05:30,117.9,,4021425
2025-09-05 11:02:41.395364+05:30,117.85,,4021425
2025-09-05 11:02:41.951132+05:30,117.35,,4021425
2025-09-05 11:02:42.409520+05:30,117.6,,4021425
2025-09-05 11:02:42.937304+05:30,117.1,,4021425
2025-09-05 11:02:43.430350+05:30,116.9,,4021425
2025-09-05 11:02:43.674532+05:30,117.15,,4021425
2025-09-05 11:02:43.967270+05:30,116.9,,4021425
2025-09-05 11:02:44.490519+05:30,116.8,,4021425
2025-09-05 11:02:44.958622+05:30,116.35,,4021425
2025-09-05 11:02:45.223095+05:30,116.8,,4021425
2025-09-05 11:02:45.907216+05:30,116.95,,4021425
2025-09-05 11:02:46.390911+05:30,116.7,,4021425
2025-09-05 11:02:46.651889+05:30,116.75,,4021425
2025-09-05 11:02:46.947719+05:30,117.3,,4021425
2025-09-05 11:02:47.428749+05:30,117.35,,4021425
2025-09-05 11:02:47.941804+05:30,117.6,,4021425
2025-09-05 11:02:48.220128+05:30,117.65,,4021425
2025-09-05 11:02:48.667371+05:30,117.85,,4021425
2025-09-05 11:02:49.020022+05:30,117.75,,4021425
2025-09-05 11:02:49.164093+05:30,117.7,,4021425
2025-09-05 11:02:49.929333+05:30,116.95,,4021425
2025-09-05 11:02:50.390407+05:30,116.55,,4021425
2025-09-05 11:02:50.943527+05:30,116.85,,4021425
2025-09-05 11:02:51.518773+05:30,117.1,,4021425
2025-09-05 11:02:52.014675+05:30,117.1,,4021425
2025-09-05 11:02:52.390381+05:30,116.95,,4021425
2025-09-05 11:02:52.971042+05:30,116.8,,4021425
2025-09-05 11:02:53.464677+05:30,116.8,,4021425
2025-09-05 11:02:53.679861+05:30,117.0,,4021425
2025-09-05 11:02:53.985003+05:30,116.85,,4021425
2025-09-05 11:02:54.159206+05:30,116.65,,4021425
2025-09-05 11:02:55.006887+05:30,116.8,,4021425
2025-09-05 11:02:55.490499+05:30,117.1,,4021425
2025-09-05 11:02:55.973262+05:30,117.5,,4021425
2025-09-05 11:02:56.408889+05:30,117.2,,4021425
2025-09-05 11:02:56.982581+05:30,117.0,,4021425
2025-09-05 11:02:57.450308+05:30,117.0,,4021425
2025-09-05 11:02:57.963265+05:30,117.25,,4021425
2025-09-05 11:02:58.174396+05:30,117.25,,4021425
2025-09-05 11:02:58.451315+05:30,117.25,,4021425
2025-09-05 11:02:58.763888+05:30,117.7,,4021425
2025-09-05 11:02:58.953201+05:30,117.65,,4021425
2025-09-05 11:02:59.412185+05:30,117.55,,4021425
2025-09-05 11:03:00.003398+05:30,118.0,,4021425
2025-09-05 11:03:00.429516+05:30,117.8,,4021425
2025-09-05 11:03:00.938322+05:30,117.6,,4021425
2025-09-05 11:03:01.412158+05:30,117.8,,4021425
2025-09-05 11:03:01.921841+05:30,117.7,,4021425
2025-09-05 11:03:02.416879+05:30,117.55,,4021425
2025-09-05 11:03:03.011063+05:30,118.0,,4021425
2025-09-05 11:03:03.164244+05:30,117.9,,4021425
2025-09-05 11:03:03.456151+05:30,117.6,,4021425
2025-09-05 11:03:03.908953+05:30,117.6,,4021425
2025-09-05 11:03:04.390182+05:30,117.6,,4021425
2025-09-05 11:03:04.948839+05:30,117.35,,4021425
2025-09-05 11:03:05.418353+05:30,117.6,,4021425
2025-09-05 11:03:05.954277+05:30,118.0,,4021425
2025-09-05 11:03:06.483611+05:30,117.85,,4021425
2025-09-05 11:03:06.994853+05:30,118.0,,4021425
2025-09-05 11:03:07.164482+05:30,118.0,,4021425
2025-09-05 11:03:07.938883+05:30,118.0,,4021425
2025-09-05 11:03:08.135320+05:30,118.0,,4021425
2025-09-05 11:03:08.646838+05:30,119.0,,4021425
2025-09-05 11:03:08.930383+05:30,118.7,,4021425
2025-09-05 11:03:09.433923+05:30,118.45,,4021425
2025-09-05 11:03:09.988750+05:30,118.3,,4021425
2025-09-05 11:03:10.183241+05:30,117.75,,4021425
2025-09-05 11:03:10.983995+05:30,117.95,,4021425
2025-09-05 11:03:11.390421+05:30,117.65,,4021425
2025-09-05 11:03:11.934747+05:30,117.8,,4021425
2025-09-05 11:03:12.200693+05:30,117.6,,4021425
2025-09-05 11:03:12.978189+05:30,118.0,,4021425
2025-09-05 11:03:13.174129+05:30,119.45,,4021425
2025-09-05 11:03:13.424686+05:30,118.9,,4021425
2025-09-05 11:03:14.033090+05:30,118.9,,4021425
2025-09-05 11:03:14.390777+05:30,119.0,,4021425
2025-09-05 11:03:14.933935+05:30,118.55,,4021425
2025-09-05 11:03:15.209788+05:30,119.05,,4021425
2025-09-05 11:03:15.917044+05:30,118.4,,4021425
2025-09-05 11:03:16.402794+05:30,118.7,,4021425
2025-09-05 11:03:16.647519+05:30,118.75,,4021425
2025-09-05 11:03:16.978330+05:30,118.8,,4021425
2025-09-05 11:03:17.164522+05:30,118.85,,4021425
2025-09-05 11:03:17.885383+05:30,118.25,,4021425
2025-09-05 11:03:18.188152+05:30,118.6,,4021425
2025-09-05 11:03:19.001675+05:30,118.65,,4021425
2025-09-05 11:03:19.434618+05:30,118.75,,4021425
2025-09-05 11:03:19.674162+05:30,118.75,,4021425
2025-09-05 11:03:19.985156+05:30,118.7,,4021425
2025-09-05 11:03:20.163164+05:30,118.7,,4021425
2025-09-05 11:03:20.920547+05:30,119.0,,4021425
2025-09-05 11:03:21.461918+05:30,118.8,,4021425
2025-09-05 11:03:21.708305+05:30,118.75,,4021425
2025-09-05 11:03:21.974547+05:30,119.1,,4021425
2025-09-05 11:03:22.429422+05:30,119.35,,4021425
2025-09-05 11:03:22.933377+05:30,119.2,,4021425
2025-09-05 11:03:23.268512+05:30,119.25,,4021425
2025-09-05 11:03:23.912557+05:30,119.05,,4021425
2025-09-05 11:03:24.406901+05:30,119.15,,4021425
2025-09-05 11:03:24.661833+05:30,119.3,,4021425
2025-09-05 11:03:24.939744+05:30,119.2,,4021425
2025-09-05 11:03:25.458478+05:30,119.4,,4021425
2025-09-05 11:03:25.972459+05:30,119.3,,4021425
2025-09-05 11:03:26.419740+05:30,119.5,,4021425
2025-09-05 11:03:26.892755+05:30,119.45,,4021425
2025-09-05 11:03:27.470654+05:30,119.6,,4021425
2025-09-05 11:03:27.918404+05:30,119.6,,4021425
2025-09-05 11:03:28.305856+05:30,119.45,,4021425
2025-09-05 11:03:28.933986+05:30,120.0,,4021425
2025-09-05 11:03:29.428827+05:30,120.2,,4021425
2025-09-05 11:03:29.992575+05:30,120.3,,4021425
2025-09-05 11:03:30.208677+05:30,120.3,,4021425
2025-09-05 11:03:30.406974+05:30,120.3,,4021425
2025-09-05 11:03:30.903918+05:30,120.0,,4021425
2025-09-05 11:03:31.242154+05:30,120.3,,4021425
2025-09-05 11:03:31.440117+05:30,120.9,,4021425
2025-09-05 11:03:31.970354+05:30,120.3,,4021425
2025-09-05 11:03:32.216248+05:30,120.55,,4021425
2025-09-05 11:03:32.977035+05:30,120.6,,4021425
2025-09-05 11:03:33.207785+05:30,120.55,,4021425
2025-09-05 11:03:33.950479+05:30,120.65,,4021425
2025-09-05 11:03:34.435307+05:30,120.5,,4021425
2025-09-05 11:03:34.663094+05:30,121.0,,4021425
2025-09-05 11:03:34.982584+05:30,121.0,,4021425
2025-09-05 11:03:35.450871+05:30,121.05,,4021425
2025-09-05 11:03:35.897658+05:30,120.65,,4021425
2025-09-05 11:03:36.235304+05:30,121.25,,4021425
2025-09-05 11:03:36.680751+05:30,121.0,,4021425
2025-09-05 11:03:36.916859+05:30,121.2,,4021425
2025-09-05 11:03:37.414224+05:30,121.4,,4021425
2025-09-05 11:03:37.971271+05:30,121.35,,4021425
2025-09-05 11:03:38.462350+05:30,121.6,,4021425
2025-09-05 11:03:38.955616+05:30,121.65,,4021425
2025-09-05 11:03:39.395364+05:30,121.6,,4021425
2025-09-05 11:03:39.945220+05:30,121.65,,4021425
2025-09-05 11:03:40.420408+05:30,121.75,,4021425
2025-09-05 11:03:40.918143+05:30,121.65,,4021425
2025-09-05 11:03:41.228081+05:30,121.2,,4021425
2025-09-05 11:03:41.930106+05:30,120.75,,4021425
2025-09-05 11:03:42.385284+05:30,120.85,,4021425
2025-09-05 11:03:42.643256+05:30,120.55,,4021425
2025-09-05 11:03:42.986702+05:30,120.75,,4021425
2025-09-05 11:03:43.182912+05:30,120.3,,4021425
2025-09-05 11:03:43.938064+05:30,120.3,,4058400
2025-09-05 11:03:44.435447+05:30,119.75,,4058400
2025-09-05 11:03:44.911856+05:30,119.2,,4058400
2025-09-05 11:03:45.139871+05:30,119.2,,4058400
2025-09-05 11:03:45.916915+05:30,119.15,,4058400
2025-09-05 11:03:46.162989+05:30,120.15,,4058400
2025-09-05 11:03:46.432467+05:30,119.95,,4058400
2025-09-05 11:03:46.957845+05:30,120.0,,4058400
2025-09-05 11:03:47.389808+05:30,120.5,,4058400
2025-09-05 11:03:47.661771+05:30,121.25,,4058400
2025-09-05 11:03:47.994029+05:30,121.7,,4058400
2025-09-05 11:03:48.394735+05:30,121.9,,4058400
2025-09-05 11:03:48.921778+05:30,121.95,,4058400
2025-09-05 11:03:49.139911+05:30,121.95,,4058400
2025-09-05 11:03:49.693868+05:30,121.8,,4058400
2025-09-05 11:03:49.977442+05:30,121.6,,4058400
2025-09-05 11:03:50.412148+05:30,121.75,,4058400
2025-09-05 11:03:50.932536+05:30,121.5,,4058400
2025-09-05 11:03:51.179163+05:30,121.75,,4058400
2025-09-05 11:03:51.390861+05:30,121.5,,4058400
2025-09-05 11:03:51.909935+05:30,121.8,,4058400
2025-09-05 11:03:52.213823+05:30,121.65,,4058400
2025-09-05 11:03:52.929405+05:30,122.4,,4058400
2025-09-05 11:03:53.198207+05:30,122.4,,4058400
2025-09-05 11:03:54.242610+05:30,122.95,,4058400
2025-09-05 11:03:54.392990+05:30,123.0,,4058400
2025-09-05 11:03:54.662432+05:30,122.85,,4058400
2025-09-05 11:03:55.180297+05:30,122.4,,4058400
2025-09-05 11:03:56.195175+05:30,122.45,,4058400
2025-09-05 11:03:56.410740+05:30,122.5,,4058400
2025-09-05 11:03:57.154478+05:30,122.1,,4058400
2025-09-05 11:03:57.389842+05:30,121.95,,4058400
2025-09-05 11:03:57.944961+05:30,121.8,,4058400
2025-09-05 11:03:58.209973+05:30,122.05,,4058400
2025-09-05 11:03:59.149958+05:30,121.8,,4058400
2025-09-05 11:03:59.658516+05:30,121.75,,4058400
2025-09-05 11:04:00.218930+05:30,121.45,,4058400
2025-09-05 11:04:00.417148+05:30,121.45,,4058400
2025-09-05 11:04:01.166158+05:30,121.3,,4058400
2025-09-05 11:04:01.422161+05:30,121.65,,4058400
2025-09-05 11:04:02.170345+05:30,121.7,,4058400
2025-09-05 11:04:02.384906+05:30,121.4,,4058400
2025-09-05 11:04:02.906592+05:30,121.15,,4058400
2025-09-05 11:04:03.195545+05:30,121.15,,4058400
2025-09-05 11:04:04.206822+05:30,120.75,,4058400
2025-09-05 11:04:04.504857+05:30,120.45,,4058400
2025-09-05 11:04:05.164186+05:30,120.05,,4058400
2025-09-05 11:04:06.185270+05:30,120.15,,4058400
2025-09-05 11:04:06.406658+05:30,119.95,,4058400
2025-09-05 11:04:07.223469+05:30,119.6,,4058400
2025-09-05 11:04:07.977873+05:30,119.35,,4058400
2025-09-05 11:04:08.456142+05:30,119.45,,4058400
2025-09-05 11:04:09.168887+05:30,119.75,,4058400
2025-09-05 11:04:09.477638+05:30,119.25,,4058400
2025-09-05 11:04:09.648695+05:30,119.1,,4058400
2025-09-05 11:04:10.290133+05:30,119.2,,4058400
2025-09-05 11:04:11.143700+05:30,118.9,,4058400
2025-09-05 11:04:11.412268+05:30,118.85,,4058400
2025-09-05 11:04:12.248850+05:30,119.75,,4058400
2025-09-05 11:04:12.909880+05:30,120.15,,4058400
2025-09-05 11:04:13.282450+05:30,119.95,,4058400
2025-09-05 11:04:14.199634+05:30,120.25,,4058400
2025-09-05 11:04:14.433654+05:30,120.05,,4058400
2025-09-05 11:04:15.216671+05:30,119.7,,4058400
2025-09-05 11:04:16.139950+05:30,119.6,,4058400
2025-09-05 11:04:17.139827+05:30,118.95,,4058400
2025-09-05 11:04:17.429539+05:30,118.9,,4058400
2025-09-05 11:04:17.678389+05:30,119.4,,4058400
2025-09-05 11:04:18.254617+05:30,118.85,,4058400
2025-09-05 11:04:18.411490+05:30,118.95,,4058400
2025-09-05 11:04:19.146728+05:30,118.65,,4058400
2025-09-05 11:04:19.401917+05:30,118.45,,4058400
2025-09-05 11:04:20.155949+05:30,118.5,,4058400
2025-09-05 11:04:21.150616+05:30,118.15,,4058400
2025-09-05 11:04:22.225665+05:30,118.0,,4058400
2025-09-05 11:04:22.666897+05:30,117.0,,4058400
2025-09-05 11:04:23.221201+05:30,117.05,,4058400
2025-09-05 11:04:23.384875+05:30,116.8,,4058400
2025-09-05 11:04:24.167479+05:30,116.6,,4058400
2025-09-05 11:04:24.394590+05:30,116.55,,4058400
2025-09-05 11:04:24.658411+05:30,116.65,,4058400
2025-09-05 11:04:25.228222+05:30,116.35,,4058400
2025-09-05 11:04:26.201650+05:30,115.7,,4058400
2025-09-05 11:04:27.172199+05:30,115.6,,4058400
2025-09-05 11:04:27.424203+05:30,115.4,,4058400
2025-09-05 11:04:27.654058+05:30,115.4,,4058400
2025-09-05 11:04:28.157954+05:30,115.0,,4058400
2025-09-05 11:04:28.442823+05:30,115.25,,4058400
2025-09-05 11:04:29.201271+05:30,115.05,,4058400
2025-09-05 11:04:29.402491+05:30,115.15,,4058400
2025-09-05 11:04:29.674251+05:30,115.1,,4058400
2025-09-05 11:04:30.254486+05:30,115.0,,4058400
2025-09-05 11:04:30.441652+05:30,115.0,,4058400
2025-09-05 11:04:31.144386+05:30,108.6,,4058400
2025-09-05 11:04:31.489913+05:30,108.85,,4058400
2025-09-05 11:04:32.209061+05:30,109.9,,4058400
2025-09-05 11:04:32.463626+05:30,109.45,,4058400
2025-09-05 11:04:32.674545+05:30,109.8,,4058400
2025-09-05 11:04:33.217639+05:30,108.9,,4058400
2025-09-05 11:04:33.415937+05:30,109.2,,4058400
2025-09-05 11:04:34.235430+05:30,110.0,,4058400
2025-09-05 11:04:34.436449+05:30,109.6,,4058400
2025-09-05 11:04:34.679558+05:30,109.65,,4058400
2025-09-05 11:04:35.238353+05:30,109.85,,4058400
2025-09-05 11:04:36.162720+05:30,111.15,,4058400
2025-09-05 11:04:36.417684+05:30,111.8,,4058400
2025-09-05 11:04:37.209387+05:30,111.3,,4058400
2025-09-05 11:04:37.406310+05:30,111.3,,4058400
2025-09-05 11:04:37.662754+05:30,111.0,,4058400
2025-09-05 11:04:38.196326+05:30,110.85,,4058400
2025-09-05 11:04:39.215844+05:30,111.45,,4058400
2025-09-05 11:04:39.672629+05:30,111.65,,4058400
2025-09-05 11:04:40.139726+05:30,111.7,,4058400
2025-09-05 11:04:41.224987+05:30,112.15,,4058400
2025-09-05 11:04:41.407130+05:30,111.85,,4058400
2025-09-05 11:04:42.163411+05:30,111.6,,4058400
2025-09-05 11:04:42.667502+05:30,111.85,,4058400
2025-09-05 11:04:43.263855+05:30,112.0,,4058400
2025-09-05 11:04:43.418662+05:30,111.7,,4058400
2025-09-05 11:04:44.165340+05:30,111.55,,4058400
2025-09-05 11:04:44.439371+05:30,111.25,,4058400
2025-09-05 11:04:44.700820+05:30,111.75,,4058400
2025-09-05 11:04:45.244302+05:30,111.6,,4058400
2025-09-05 11:04:46.236082+05:30,112.5,,4058400
2025-09-05 11:04:47.160301+05:30,112.8,,4058400
2025-09-05 11:04:47.415624+05:30,112.75,,4058400
2025-09-05 11:04:47.634544+05:30,112.65,,4058400
2025-09-05 11:04:48.227348+05:30,112.25,,4058400
2025-09-05 11:04:48.456467+05:30,112.2,,4058400
2025-09-05 11:04:49.176488+05:30,111.8,,4058400
2025-09-05 11:04:49.389454+05:30,111.7,,4058400
2025-09-05 11:04:49.738234+05:30,110.8,,4058400
2025-09-05 11:04:50.217524+05:30,111.6,,4058400
2025-09-05 11:04:51.171299+05:30,111.1,,4058400
2025-09-05 11:04:52.206440+05:30,111.3,,4058400
2025-09-05 11:04:52.465436+05:30,111.1,,4058400
2025-09-05 11:04:52.639559+05:30,111.1,,4058400
2025-09-05 11:04:53.178118+05:30,111.0,,4058400
2025-09-05 11:04:53.418372+05:30,110.85,,4058400
2025-09-05 11:04:54.230921+05:30,110.7,,4058400
2025-09-05 11:04:54.396818+05:30,110.3,,4058400
2025-09-05 11:04:54.653127+05:30,110.65,,4058400
2025-09-05 11:04:55.196985+05:30,111.1,,4058400
2025-09-05 11:04:55.454154+05:30,110.6,,4058400
2025-09-05 11:04:56.159194+05:30,111.1,,4058400
2025-09-05 11:04:56.461932+05:30,110.95,,4058400
2025-09-05 11:04:57.269390+05:30,110.8,,4058400
2025-09-05 11:04:57.679477+05:30,110.7,,4058400
2025-09-05 11:04:58.169614+05:30,110.75,,4058400
2025-09-05 11:04:59.232412+05:30,110.1,,4058400
2025-09-05 11:04:59.451607+05:30,109.65,,4058400
2025-09-05 11:04:59.636614+05:30,109.55,,4058400
2025-09-05 11:05:00.213901+05:30,108.85,,4058400
2025-09-05 11:05:00.433689+05:30,109.05,,4058400
2025-09-05 11:05:01.162555+05:30,110.35,,4058400
2025-09-05 11:05:02.237832+05:30,110.55,,4058400
2025-09-05 11:05:02.657785+05:30,111.0,,4058400
2025-09-05 11:05:03.139762+05:30,111.05,,4058400
2025-09-05 11:05:04.144141+05:30,110.15,,4058400
2025-09-05 11:05:04.417343+05:30,110.4,,4058400
2025-09-05 11:05:04.669650+05:30,110.3,,4058400
2025-09-05 11:05:05.216117+05:30,109.5,,4058400
2025-09-05 11:05:06.221221+05:30,109.85,,4058400
2025-09-05 11:05:07.159736+05:30,109.25,,4058400
2025-09-05 11:05:07.681067+05:30,109.7,,4058400
2025-09-05 11:05:08.159268+05:30,110.05,,4058400
2025-09-05 11:05:08.407868+05:30,110.35,,4058400
2025-09-05 11:05:09.167582+05:30,111.25,,4058400
2025-09-05 11:05:09.713651+05:30,110.95,,4058400
2025-09-05 11:05:10.172267+05:30,110.05,,4058400
2025-09-05 11:05:11.219309+05:30,109.75,,4058400
2025-09-05 11:05:11.394262+05:30,109.7,,4058400
2025-09-05 11:05:12.235584+05:30,108.7,,4058400
2025-09-05 11:05:12.434310+05:30,108.9,,4058400
2025-09-05 11:05:12.673418+05:30,109.1,,4058400
2025-09-05 11:05:13.246175+05:30,109.0,,4058400
2025-09-05 11:05:13.409504+05:30,108.85,,4058400
2025-09-05 11:05:14.208087+05:30,108.9,,4058400
2025-09-05 11:05:14.433463+05:30,109.0,,4058400
2025-09-05 11:05:14.671431+05:30,108.9,,4058400
2025-09-05 11:05:15.221716+05:30,108.95,,4058400
2025-09-05 11:05:15.450140+05:30,109.05,,4058400
2025-09-05 11:05:15.936292+05:30,108.95,,4058400
2025-09-05 11:05:16.198296+05:30,109.1,,4058400
2025-09-05 11:05:17.180056+05:30,109.0,,4058400
2025-09-05 11:05:17.406230+05:30,110.5,,4058400
2025-09-05 11:05:17.701136+05:30,110.9,,4058400
2025-09-05 11:05:17.911348+05:30,111.6,,4058400
2025-09-05 11:05:18.410026+05:30,111.55,,4058400
2025-09-05 11:05:19.148049+05:30,111.95,,4058400
2025-09-05 11:05:19.504988+05:30,111.45,,4058400
2025-09-05 11:05:19.656974+05:30,111.8,,4058400
2025-09-05 11:05:20.188209+05:30,112.35,,4058400
2025-09-05 11:05:21.010276+05:30,112.45,,4058400
2025-09-05 11:05:21.234071+05:30,112.9,,4058400
2025-09-05 11:05:22.248792+05:30,113.3,,4058400
2025-09-05 11:05:22.385490+05:30,113.45,,4058400
2025-09-05 11:05:22.906425+05:30,113.7,,4058400
2025-09-05 11:05:23.201077+05:30,113.65,,4058400
2025-09-05 11:05:23.406146+05:30,114.0,,4058400
2025-09-05 11:05:24.221522+05:30,113.8,,4058400
2025-09-05 11:05:24.440278+05:30,113.9,,4058400
2025-09-05 11:05:25.161986+05:30,113.0,,4058400
2025-09-05 11:05:25.905643+05:30,113.45,,4058400
2025-09-05 11:05:26.142762+05:30,113.45,,4058400
2025-09-05 11:05:27.225576+05:30,113.85,,4058400
2025-09-05 11:05:27.422771+05:30,113.5,,4058400
2025-09-05 11:05:27.928497+05:30,113.5,,4058400
2025-09-05 11:05:28.421174+05:30,113.45,,4058400
2025-09-05 11:05:29.162152+05:30,113.35,,4058400
2025-09-05 11:05:29.453298+05:30,113.35,,4058400
2025-09-05 11:05:29.690259+05:30,113.35,,4058400
2025-09-05 11:05:30.206388+05:30,113.9,,4058400
2025-09-05 11:05:30.433691+05:30,113.9,,4058400
2025-09-05 11:05:30.956091+05:30,114.25,,4058400
2025-09-05 11:05:31.238356+05:30,114.25,,4058400
2025-09-05 11:05:32.254635+05:30,114.2,,4058400
2025-09-05 11:05:32.673184+05:30,113.9,,4058400
2025-09-05 11:05:32.952825+05:30,113.9,,4058400
2025-09-05 11:05:33.201281+05:30,114.25,,4058400
2025-09-05 11:05:34.202047+05:30,113.15,,4058400
2025-09-05 11:05:34.514378+05:30,112.65,,4058400
2025-09-05 11:05:35.195472+05:30,112.7,,4058400
2025-09-05 11:05:35.438646+05:30,112.9,,4058400
2025-09-05 11:05:35.975756+05:30,113.0,,4058400
2025-09-05 11:05:36.139439+05:30,112.9,,4058400
2025-09-05 11:05:36.413558+05:30,112.9,,4058400
2025-09-05 11:05:37.167369+05:30,112.9,,4058400
2025-09-05 11:05:37.454625+05:30,112.75,,4058400
2025-09-05 11:05:37.728067+05:30,112.75,,4058400
2025-09-05 11:05:38.150896+05:30,113.15,,4058400
2025-09-05 11:05:38.423314+05:30,113.15,,4058400
2025-09-05 11:05:39.178845+05:30,113.1,,4058400
2025-09-05 11:05:39.389272+05:30,113.15,,4058400
2025-09-05 11:05:40.228271+05:30,112.9,,4058400
2025-09-05 11:05:40.901314+05:30,113.1,,4058400
2025-09-05 11:05:41.230186+05:30,113.55,,4058400
2025-09-05 11:05:41.405906+05:30,113.65,,4058400
2025-09-05 11:05:42.164472+05:30,113.7,,4058400
2025-09-05 11:05:42.727317+05:30,113.7,,4058400
2025-09-05 11:05:43.165496+05:30,113.7,,4058400
2025-09-05 11:05:44.291708+05:30,113.6,,4058400
2025-09-05 11:05:44.460195+05:30,113.8,,4058400
2025-09-05 11:05:45.170805+05:30,113.45,,4058400
2025-09-05 11:05:45.442734+05:30,113.55,,4058400
2025-09-05 11:05:45.955295+05:30,113.55,,4058400
2025-09-05 11:05:46.196646+05:30,113.35,,4058400
2025-09-05 11:05:47.209183+05:30,112.55,,4058400
2025-09-05 11:05:47.418858+05:30,112.45,,4058400
2025-09-05 11:05:47.694457+05:30,112.5,,4058400
2025-09-05 11:05:48.169783+05:30,112.3,,4058400
2025-09-05 11:05:49.169827+05:30,112.7,,4058400
2025-09-05 11:05:49.447139+05:30,112.7,,4058400
2025-09-05 11:05:50.139495+05:30,112.95,,4058400
2025-09-05 11:05:50.667512+05:30,113.25,,4058400
2025-09-05 11:05:50.965449+05:30,113.4,,4058400
2025-09-05 11:05:51.229490+05:30,113.4,,4058400
2025-09-05 11:05:51.420744+05:30,113.4,,4058400
2025-09-05 11:05:52.209651+05:30,113.75,,4058400
2025-09-05 11:05:52.450826+05:30,113.85,,4058400
2025-09-05 11:05:52.645120+05:30,113.85,,4058400
2025-09-05 11:05:53.187208+05:30,113.95,,4058400
2025-09-05 11:05:54.228872+05:30,114.25,,4058400
2025-09-05 11:05:54.498711+05:30,114.15,,4058400
2025-09-05 11:05:55.212345+05:30,114.4,,4058400
2025-09-05 11:05:55.435027+05:30,114.65,,4058400
2025-09-05 11:05:55.636256+05:30,114.35,,4058400
2025-09-05 11:05:56.195764+05:30,113.8,,4058400
2025-09-05 11:05:57.175196+05:30,114.35,,4058400
2025-09-05 11:05:57.682280+05:30,114.2,,4058400
2025-09-05 11:05:58.197523+05:30,114.35,,4058400
2025-09-05 11:05:58.394362+05:30,114.45,,4058400
2025-09-05 11:05:58.897712+05:30,114.5,,4058400
2025-09-05 11:05:59.139256+05:30,114.5,,4058400
2025-09-05 11:05:59.481806+05:30,114.4,,4058400
2025-09-05 11:06:00.236226+05:30,114.2,,4058400
2025-09-05 11:06:00.475228+05:30,114.1,,4058400
2025-09-05 11:06:00.973726+05:30,113.9,,4058400
2025-09-05 11:06:01.211666+05:30,113.95,,4058400
2025-09-05 11:06:01.389405+05:30,113.55,,4058400
2025-09-05 11:06:02.221289+05:30,113.35,,4058400
2025-09-05 11:06:02.429697+05:30,113.8,,4058400
2025-09-05 11:06:02.670695+05:30,113.85,,4058400
2025-09-05 11:06:03.171566+05:30,113.85,,4058400
2025-09-05 11:06:03.390815+05:30,113.7,,4058400
2025-09-05 11:06:04.167487+05:30,113.55,,4058400
2025-09-05 11:06:04.457905+05:30,113.7,,4058400
2025-09-05 11:06:05.233378+05:30,114.05,,4058400
2025-09-05 11:06:05.444412+05:30,113.75,,4058400
2025-09-05 11:06:05.915445+05:30,114.0,,4058400
2025-09-05 11:06:06.235281+05:30,114.0,,4058400
2025-09-05 11:06:06.437638+05:30,114.2,,4058400
2025-09-05 11:06:07.145751+05:30,114.05,,4058400
2025-09-05 11:06:07.466273+05:30,114.15,,4058400
2025-09-05 11:06:07.661488+05:30,114.5,,4058400
2025-09-05 11:06:08.175066+05:30,114.8,,4058400
2025-09-05 11:06:09.216208+05:30,114.3,,4058400
2025-09-05 11:06:09.470095+05:30,114.45,,4058400
2025-09-05 11:06:10.179272+05:30,114.7,,4058400
2025-09-05 11:06:10.480958+05:30,114.8,,4058400
2025-09-05 11:06:10.658416+05:30,114.75,,4058400
2025-09-05 11:06:11.161635+05:30,114.75,,4058400
2025-09-05 11:06:11.439528+05:30,114.75,,4058400
2025-09-05 11:06:12.192229+05:30,114.35,,4058400
2025-09-05 11:06:12.454992+05:30,114.25,,4058400
2025-09-05 11:06:12.727359+05:30,113.85,,4058400
2025-09-05 11:06:13.223847+05:30,113.3,,4058400
2025-09-05 11:06:13.420863+05:30,113.4,,4058400
2025-09-05 11:06:14.012387+05:30,113.4,,4058400
2025-09-05 11:06:14.152153+05:30,113.25,,4058400
2025-09-05 11:06:14.456491+05:30,113.25,,4058400
2025-09-05 11:06:15.238325+05:30,112.95,,4058400
2025-09-05 11:06:15.474467+05:30,112.55,,4058400
2025-09-05 11:06:15.916004+05:30,112.4,,4058400
2025-09-05 11:06:16.190387+05:30,112.3,,4058400
2025-09-05 11:06:16.424236+05:30,112.35,,4058400
2025-09-05 11:06:17.248454+05:30,112.7,,4058400
2025-09-05 11:06:17.454932+05:30,113.0,,4058400
2025-09-05 11:06:18.276672+05:30,113.05,,4058400
2025-09-05 11:06:18.479845+05:30,113.15,,4058400
2025-09-05 11:06:18.901758+05:30,113.2,,4058400
2025-09-05 11:06:19.160855+05:30,113.6,,4058400
2025-09-05 11:06:20.235848+05:30,113.95,,4058400
2025-09-05 11:06:20.449645+05:30,113.95,,4058400
2025-09-05 11:06:21.242964+05:30,113.4,,4058400
2025-09-05 11:06:22.149559+05:30,113.2,,4058400
2025-09-05 11:06:22.455419+05:30,113.2,,4058400
2025-09-05 11:06:23.157045+05:30,113.25,,4058400
2025-09-05 11:06:23.433418+05:30,113.0,,4058400
2025-09-05 11:06:23.639083+05:30,113.0,,4058400
2025-09-05 11:06:24.139057+05:30,113.05,,4058400
2025-09-05 11:06:24.389193+05:30,113.05,,4058400
2025-09-05 11:06:25.207068+05:30,112.5,,4058400
2025-09-05 11:06:25.446515+05:30,112.65,,4058400
2025-09-05 11:06:25.650828+05:30,112.65,,4058400
2025-09-05 11:06:26.158558+05:30,112.5,,4058400
2025-09-05 11:06:26.388844+05:30,112.0,,4058400
2025-09-05 11:06:27.217108+05:30,111.35,,4058400
2025-09-05 11:06:27.472300+05:30,111.55,,4058400
2025-09-05 11:06:28.158291+05:30,110.95,,4058400
2025-09-05 11:06:28.438044+05:30,111.55,,4058400
2025-09-05 11:06:28.634144+05:30,111.35,,4058400
2025-09-05 11:06:28.927316+05:30,111.15,,4058400
2025-09-05 11:06:29.262506+05:30,111.1,,4058400
2025-09-05 11:06:29.465733+05:30,111.25,,4058400
2025-09-05 11:06:30.214671+05:30,110.65,,4058400
2025-09-05 11:06:30.513430+05:30,110.35,,4058400
2025-09-05 11:06:30.685494+05:30,109.9,,4058400
2025-09-05 11:06:31.239776+05:30,110.2,,4058400
2025-09-05 11:06:31.958129+05:30,110.1,,4058400
2025-09-05 11:06:32.168810+05:30,109.75,,4058400
2025-09-05 11:06:32.472087+05:30,110.0,,4058400
2025-09-05 11:06:33.139050+05:30,111.0,,4058400
2025-09-05 11:06:33.453552+05:30,110.7,,4058400
2025-09-05 11:06:33.657413+05:30,111.55,,4058400
2025-09-05 11:06:33.916153+05:30,111.2,,4058400
2025-09-05 11:06:34.200935+05:30,111.2,,4058400
2025-09-05 11:06:34.456831+05:30,111.4,,4058400
2025-09-05 11:06:35.158177+05:30,111.3,,4058400
2025-09-05 11:06:35.426027+05:30,111.3,,4058400
2025-09-05 11:06:36.210704+05:30,110.75,,4058400
2025-09-05 11:06:36.454047+05:30,110.45,,4058400
2025-09-05 11:06:36.952303+05:30,110.55,,4058400
2025-09-05 11:06:37.205496+05:30,110.8,,4058400
2025-09-05 11:06:37.465755+05:30,110.55,,4058400
2025-09-05 11:06:38.206290+05:30,111.7,,4058400
2025-09-05 11:06:38.383931+05:30,111.8,,4058400
2025-09-05 11:06:38.677856+05:30,111.25,,4058400
2025-09-05 11:06:38.951155+05:30,111.15,,4058400
2025-09-05 11:06:39.228156+05:30,111.25,,4058400
2025-09-05 11:06:39.481953+05:30,111.25,,4058400
2025-09-05 11:06:40.161149+05:30,111.3,,4058400
2025-09-05 11:06:40.397187+05:30,111.55,,4058400
2025-09-05 11:06:41.156328+05:30,111.05,,4058400
2025-09-05 11:06:41.469458+05:30,111.1,,4058400
2025-09-05 11:06:42.041911+05:30,111.35,,4058400
2025-09-05 11:06:42.259985+05:30,111.5,,4058400
2025-09-05 11:06:43.184118+05:30,111.5,,4058400
2025-09-05 11:06:43.473765+05:30,111.4,,4058400
2025-09-05 11:06:43.672419+05:30,111.25,,4058400
2025-09-05 11:06:43.980888+05:30,111.4,,4058400
2025-09-05 11:06:44.164039+05:30,111.45,,4054725
2025-09-05 11:06:45.160072+05:30,111.65,,4054725
2025-09-05 11:06:45.421289+05:30,111.6,,4054725
2025-09-05 11:06:46.169790+05:30,111.75,,4054725
2025-09-05 11:06:46.967132+05:30,111.5,,4054725
2025-09-05 11:06:47.157301+05:30,111.35,,4054725
2025-09-05 11:06:48.216536+05:30,112.2,,4054725
2025-09-05 11:06:48.469406+05:30,112.1,,4054725
2025-09-05 11:06:48.962352+05:30,112.1,,4054725
2025-09-05 11:06:49.193265+05:30,112.35,,4054725
2025-09-05 11:06:50.232474+05:30,112.15,,4054725
2025-09-05 11:06:50.435913+05:30,112.2,,4054725
2025-09-05 11:06:51.232169+05:30,112.25,,4054725
2025-09-05 11:06:52.001838+05:30,112.1,,4054725
2025-09-05 11:06:52.162925+05:30,111.85,,4054725
2025-09-05 11:06:52.443505+05:30,111.95,,4054725
2025-09-05 11:06:53.220049+05:30,112.0,,4054725
2025-09-05 11:06:53.481694+05:30,111.85,,4054725
2025-09-05 11:06:53.698740+05:30,111.85,,4054725
2025-09-05 11:06:54.194177+05:30,111.4,,4054725
2025-09-05 11:06:55.261231+05:30,111.4,,4054725
2025-09-05 11:06:56.201368+05:30,111.55,,4054725
2025-09-05 11:06:56.710780+05:30,111.4,,4054725
2025-09-05 11:06:56.928673+05:30,111.4,,4054725
2025-09-05 11:06:57.182933+05:30,111.65,,4054725
2025-09-05 11:06:58.204213+05:30,111.65,,4054725
2025-09-05 11:06:58.399810+05:30,111.9,,4054725
2025-09-05 11:06:59.220922+05:30,111.9,,4054725
2025-09-05 11:06:59.393325+05:30,111.9,,4054725
2025-09-05 11:06:59.913410+05:30,112.6,,4054725
2025-09-05 11:07:00.205876+05:30,112.3,,4054725
2025-09-05 11:07:00.422143+05:30,112.3,,4054725
2025-09-05 11:07:00.689568+05:30,112.3,,4054725
2025-09-05 11:07:01.167439+05:30,112.75,,4054725
2025-09-05 11:07:01.441579+05:30,112.75,,4054725
2025-09-05 11:07:01.715475+05:30,112.75,,4054725
2025-09-05 11:07:01.936592+05:30,112.25,,4054725
2025-09-05 11:07:02.238779+05:30,112.3,,4054725
2025-09-05 11:07:03.251547+05:30,112.05,,4054725
2025-09-05 11:07:03.448154+05:30,112.3,,4054725
2025-09-05 11:07:04.211397+05:30,112.65,,4054725
2025-09-05 11:07:04.932505+05:30,112.2,,4054725
2025-09-05 11:07:05.159279+05:30,111.9,,4054725
2025-09-05 11:07:05.442677+05:30,112.0,,4054725
2025-09-05 11:07:06.223551+05:30,111.85,,4054725
2025-09-05 11:07:06.444271+05:30,112.1,,4054725
2025-09-05 11:07:06.725171+05:30,112.05,,4054725
2025-09-05 11:07:07.175732+05:30,111.6,,4054725
2025-09-05 11:07:07.426528+05:30,111.55,,4054725
2025-09-05 11:07:08.195491+05:30,111.95,,4054725
2025-09-05 11:07:08.422375+05:30,111.0,,4054725
2025-09-05 11:07:09.150984+05:30,111.75,,4054725
2025-09-05 11:07:09.448290+05:30,111.35,,4054725
2025-09-05 11:07:09.777620+05:30,111.5,,4054725
2025-09-05 11:07:09.946384+05:30,111.25,,4054725
2025-09-05 11:07:10.158056+05:30,111.45,,4054725
2025-09-05 11:07:11.210476+05:30,111.15,,4054725
2025-09-05 11:07:11.488606+05:30,111.15,,4054725
2025-09-05 11:07:12.162138+05:30,111.0,,4054725
2025-09-05 11:07:12.996536+05:30,111.0,,4054725
2025-09-05 11:07:13.186081+05:30,111.0,,4054725
2025-09-05 11:07:13.443549+05:30,111.1,,4054725
2025-09-05 11:07:14.174333+05:30,110.4,,4054725
2025-09-05 11:07:14.443630+05:30,110.4,,4054725
2025-09-05 11:07:14.708545+05:30,110.3,,4054725
2025-09-05 11:07:15.138750+05:30,109.95,,4054725
2025-09-05 11:07:16.187515+05:30,110.1,,4054725
2025-09-05 11:07:16.437746+05:30,110.0,,4054725
2025-09-05 11:07:17.220513+05:30,109.6,,4054725
2025-09-05 11:07:17.412915+05:30,109.7,,4054725
2025-09-05 11:07:17.698368+05:30,109.95,,4054725
2025-09-05 11:07:17.923751+05:30,109.7,,4054725
2025-09-05 11:07:18.234046+05:30,110.2,,4054725
2025-09-05 11:07:18.441356+05:30,109.9,,4054725
2025-09-05 11:07:19.218590+05:30,109.8,,4054725
2025-09-05 11:07:19.395889+05:30,109.6,,4054725
2025-09-05 11:07:20.193806+05:30,109.7,,4054725
2025-09-05 11:07:20.430407+05:30,109.9,,4054725
2025-09-05 11:07:20.954424+05:30,110.0,,4054725
2025-09-05 11:07:21.255096+05:30,109.7,,4054725
2025-09-05 11:07:22.214667+05:30,110.8,,4054725
2025-09-05 11:07:22.430918+05:30,111.0,,4054725
2025-09-05 11:07:22.710839+05:30,111.1,,4054725
2025-09-05 11:07:23.239237+05:30,111.1,,4054725
2025-09-05 11:07:24.204419+05:30,111.4,,4054725
2025-09-05 11:07:24.457230+05:30,111.2,,4054725
2025-09-05 11:07:25.212660+05:30,111.35,,4054725
2025-09-05 11:07:25.456215+05:30,111.35,,4054725
2025-09-05 11:07:25.976208+05:30,111.25,,4054725
2025-09-05 11:07:26.220877+05:30,111.05,,4054725
2025-09-05 11:07:26.448768+05:30,111.0,,4054725
2025-09-05 11:07:27.223041+05:30,111.3,,4054725
2025-09-05 11:07:27.465757+05:30,111.3,,4054725
2025-09-05 11:07:27.682351+05:30,110.75,,4054725
2025-09-05 11:07:28.224023+05:30,110.6,,4054725
2025-09-05 11:07:29.237371+05:30,110.95,,4054725
2025-09-05 11:07:29.415970+05:30,110.7,,4054725
2025-09-05 11:07:30.227122+05:30,110.3,,4054725
2025-09-05 11:07:30.400790+05:30,110.3,,4054725
2025-09-05 11:07:30.683240+05:30,110.15,,4054725
2025-09-05 11:07:30.938541+05:30,110.3,,4054725
2025-09-05 11:07:31.185543+05:30,110.3,,4054725
2025-09-05 11:07:31.424685+05:30,110.6,,4054725
2025-09-05 11:07:32.200234+05:30,112.2,,4054725
2025-09-05 11:07:32.428568+05:30,111.7,,4054725
2025-09-05 11:07:33.163267+05:30,111.85,,4054725
2025-09-05 11:07:33.910473+05:30,111.85,,4054725
2025-09-05 11:07:34.290220+05:30,112.6,,4054725
2025-09-05 11:07:35.172146+05:30,112.8,,4054725
2025-09-05 11:07:35.467341+05:30,113.1,,4054725
2025-09-05 11:07:35.713912+05:30,113.15,,4054725
2025-09-05 11:07:36.241345+05:30,112.2,,4054725
2025-09-05 11:07:37.203638+05:30,112.25,,4054725
2025-09-05 11:07:37.406794+05:30,112.0,,4054725
2025-09-05 11:07:37.693117+05:30,112.2,,4054725
2025-09-05 11:07:38.184557+05:30,112.3,,4054725
2025-09-05 11:07:38.403908+05:30,112.0,,4054725
2025-09-05 11:07:38.920879+05:30,111.75,,4054725
2025-09-05 11:07:39.184723+05:30,111.75,,4054725
2025-09-05 11:07:39.462662+05:30,112.05,,4054725
2025-09-05 11:07:40.141542+05:30,111.3,,4054725
2025-09-05 11:07:40.456567+05:30,111.4,,4054725
2025-09-05 11:07:40.681170+05:30,111.5,,4054725
2025-09-05 11:07:41.179216+05:30,111.5,,4054725
2025-09-05 11:07:41.450725+05:30,111.5,,4054725
2025-09-05 11:07:42.160638+05:30,111.5,,4054725
2025-09-05 11:07:42.468107+05:30,111.8,,4054725
2025-09-05 11:07:43.209618+05:30,111.8,,4054725
2025-09-05 11:07:43.503914+05:30,111.85,,4054725
2025-09-05 11:07:43.660796+05:30,111.85,,4054725
2025-09-05 11:07:44.193900+05:30,112.0,,4054725
2025-09-05 11:07:44.400512+05:30,111.9,,4054725
2025-09-05 11:07:45.165800+05:30,112.0,,4054725
2025-09-05 11:07:45.488316+05:30,112.0,,4054725
2025-09-05 11:07:46.139357+05:30,111.7,,4054725
2025-09-05 11:07:46.661290+05:30,111.9,,4054725
2025-09-05 11:07:46.984913+05:30,111.95,,4054725
2025-09-05 11:07:47.161553+05:30,111.95,,4054725
2025-09-05 11:07:47.422845+05:30,111.95,,4054725
2025-09-05 11:07:48.206361+05:30,111.75,,4054725
2025-09-05 11:07:48.413936+05:30,111.95,,4054725
2025-09-05 11:07:49.232593+05:30,112.15,,4054725
2025-09-05 11:07:49.431849+05:30,112.35,,4054725
2025-09-05 11:07:49.932039+05:30,112.5,,4054725
2025-09-05 11:07:50.178263+05:30,112.5,,4054725
2025-09-05 11:07:50.648525+05:30,112.9,,4054725
2025-09-05 11:07:51.198901+05:30,113.2,,4054725
2025-09-05 11:07:51.413341+05:30,113.35,,4054725
2025-09-05 11:07:51.635507+05:30,113.35,,4054725
2025-09-05 11:07:52.233156+05:30,113.5,,4054725
2025-09-05 11:07:52.417067+05:30,113.75,,4054725
2025-09-05 11:07:53.238945+05:30,113.4,,4054725
2025-09-05 11:07:54.293189+05:30,113.2,,4054725
2025-09-05 11:07:54.480649+05:30,113.45,,4054725
2025-09-05 11:07:54.655281+05:30,112.95,,4054725
2025-09-05 11:07:54.940151+05:30,112.8,,4054725
2025-09-05 11:07:55.173877+05:30,113.15,,4054725
2025-09-05 11:07:55.682992+05:30,112.85,,4054725
2025-09-05 11:07:56.155388+05:30,112.8,,4054725
2025-09-05 11:07:56.415253+05:30,112.6,,4054725
2025-09-05 11:07:57.167367+05:30,112.9,,4054725
2025-09-05 11:07:57.461080+05:30,112.4,,4054725
2025-09-05 11:07:57.926591+05:30,112.45,,4054725
2025-09-05 11:07:58.193565+05:30,112.45,,4054725
2025-09-05 11:07:58.452377+05:30,112.45,,4054725
2025-09-05 11:07:59.228907+05:30,112.5,,4054725
2025-09-05 11:07:59.472798+05:30,112.5,,4054725
2025-09-05 11:07:59.660351+05:30,112.4,,4054725
2025-09-05 11:08:00.205148+05:30,112.4,,4054725
2025-09-05 11:08:00.415561+05:30,112.35,,4054725
2025-09-05 11:08:01.155778+05:30,112.85,,4054725
2025-09-05 11:08:01.460415+05:30,112.65,,4054725
2025-09-05 11:08:02.202504+05:30,114.4,,4054725
2025-09-05 11:08:02.661122+05:30,114.55,,4054725
2025-09-05 11:08:02.915343+05:30,114.5,,4054725
2025-09-05 11:08:03.180555+05:30,114.5,,4054725
2025-09-05 11:08:03.428715+05:30,114.75,,4054725
2025-09-05 11:08:04.679629+05:30,116.9,,4054725
2025-09-05 11:08:05.183165+05:30,117.0,,4054725
2025-09-05 11:08:05.640222+05:30,116.75,,4054725
2025-09-05 11:08:06.189829+05:30,117.25,,4054725
2025-09-05 11:08:06.653552+05:30,117.25,,4054725
2025-09-05 11:08:07.192177+05:30,117.45,,4054725
2025-09-05 11:08:07.638345+05:30,117.65,,4054725
2025-09-05 11:08:08.245203+05:30,117.85,,4054725
2025-09-05 11:08:08.482214+05:30,117.75,,4054725
2025-09-05 11:08:09.240083+05:30,117.65,,4054725
2025-09-05 11:08:09.471288+05:30,117.8,,4054725
2025-09-05 11:08:09.689478+05:30,117.8,,4054725
2025-09-05 11:08:10.238232+05:30,117.9,,4054725
2025-09-05 11:08:10.458921+05:30,118.0,,4054725
2025-09-05 11:08:11.187354+05:30,117.35,,4054725
2025-09-05 11:08:11.453958+05:30,117.4,,4054725
2025-09-05 11:08:12.205638+05:30,117.45,,4054725
2025-09-05 11:08:12.499100+05:30,117.3,,4054725
2025-09-05 11:08:12.650558+05:30,117.3,,4054725
2025-09-05 11:08:13.182117+05:30,117.35,,4054725
2025-09-05 11:08:13.388420+05:30,117.4,,4054725
2025-09-05 11:08:14.227057+05:30,117.75,,4054725
2025-09-05 11:08:14.444041+05:30,117.2,,4054725
2025-09-05 11:08:15.216585+05:30,117.3,,4054725
2025-09-05 11:08:15.761678+05:30,117.5,,4054725
2025-09-05 11:08:15.986451+05:30,116.85,,4054725
2025-09-05 11:08:16.194088+05:30,116.95,,4054725
2025-09-05 11:08:16.492202+05:30,116.95,,4054725
2025-09-05 11:08:17.227966+05:30,116.95,,4054725
2025-09-05 11:08:17.411042+05:30,116.9,,4054725
2025-09-05 11:08:17.953404+05:30,117.15,,4054725
2025-09-05 11:08:18.202818+05:30,117.4,,4054725
2025-09-05 11:08:18.476162+05:30,117.25,,4054725
2025-09-05 11:08:19.155688+05:30,117.25,,4054725
2025-09-05 11:08:20.176584+05:30,117.3,,4054725
2025-09-05 11:08:20.514707+05:30,117.05,,4054725
2025-09-05 11:08:20.953497+05:30,117.2,,4054725
2025-09-05 11:08:21.218198+05:30,117.8,,4054725
2025-09-05 11:08:21.711606+05:30,117.6,,4054725
2025-09-05 11:08:22.201244+05:30,116.95,,4054725
2025-09-05 11:08:22.671707+05:30,117.3,,4054725
2025-09-05 11:08:22.942967+05:30,117.25,,4054725
2025-09-05 11:08:23.211785+05:30,117.4,,4054725
2025-09-05 11:08:23.465277+05:30,117.1,,4054725
2025-09-05 11:08:24.155762+05:30,116.8,,4054725
2025-09-05 11:08:24.434140+05:30,116.65,,4054725
2025-09-05 11:08:25.243309+05:30,117.65,,4054725
2025-09-05 11:08:25.454042+05:30,117.8,,4054725
2025-09-05 11:08:25.985514+05:30,117.55,,4054725
2025-09-05 11:08:26.141598+05:30,117.55,,4054725
2025-09-05 11:08:26.423172+05:30,117.8,,4054725
2025-09-05 11:08:27.160391+05:30,117.55,,4054725
2025-09-05 11:08:27.388375+05:30,117.25,,4054725
2025-09-05 11:08:27.904849+05:30,117.3,,4054725
2025-09-05 11:08:28.156281+05:30,116.9,,4054725
2025-09-05 11:08:28.456223+05:30,116.9,,4054725
2025-09-05 11:08:29.151546+05:30,117.4,,4054725
2025-09-05 11:08:29.415090+05:30,117.25,,4054725
2025-09-05 11:08:30.153277+05:30,116.8,,4054725
2025-09-05 11:08:30.676474+05:30,116.85,,4054725
2025-09-05 11:08:30.937484+05:30,117.2,,4054725
2025-09-05 11:08:31.169953+05:30,117.45,,4054725
2025-09-05 11:08:31.414900+05:30,117.2,,4054725
2025-09-05 11:08:32.213296+05:30,117.2,,4054725
2025-09-05 11:08:32.470175+05:30,117.6,,4054725
2025-09-05 11:08:32.917149+05:30,118.0,,4054725
2025-09-05 11:08:33.160230+05:30,117.7,,4054725
2025-09-05 11:08:33.643362+05:30,117.55,,4054725
2025-09-05 11:08:34.165940+05:30,117.5,,4054725
2025-09-05 11:08:34.415901+05:30,117.8,,4054725
2025-09-05 11:08:35.171625+05:30,117.9,,4054725
2025-09-05 11:08:35.442816+05:30,117.55,,4054725
2025-09-05 11:08:35.897353+05:30,117.75,,4054725
2025-09-05 11:08:36.207829+05:30,117.6,,4054725
2025-09-05 11:08:36.465919+05:30,117.5,,4054725
2025-09-05 11:08:37.138539+05:30,118.0,,4054725
2025-09-05 11:08:37.477581+05:30,117.95,,4054725
2025-09-05 11:08:37.914933+05:30,118.25,,4054725
2025-09-05 11:08:38.177949+05:30,118.1,,4054725
2025-09-05 11:08:38.459487+05:30,117.9,,4054725
2025-09-05 11:08:39.138409+05:30,117.4,,4054725
2025-09-05 11:08:39.444480+05:30,117.4,,4054725
2025-09-05 11:08:40.284433+05:30,117.3,,4054725
2025-09-05 11:08:40.438440+05:30,117.25,,4054725
2025-09-05 11:08:40.928439+05:30,117.35,,4054725
2025-09-05 11:08:41.201358+05:30,117.3,,4054725
2025-09-05 11:08:41.422530+05:30,117.25,,4054725
2025-09-05 11:08:42.207921+05:30,117.25,,4054725
2025-09-05 11:08:42.708899+05:30,117.35,,4054725
2025-09-05 11:08:43.208799+05:30,117.1,,4054725
2025-09-05 11:08:43.472818+05:30,117.6,,4054725
2025-09-05 11:08:44.263653+05:30,117.4,,4054725
2025-09-05 11:08:44.460859+05:30,117.1,,4054725
2025-09-05 11:08:45.181584+05:30,117.2,,4054725
2025-09-05 11:08:45.388254+05:30,117.65,,4054725
2025-09-05 11:08:45.937761+05:30,116.15,,4054725
2025-09-05 11:08:46.183171+05:30,115.85,,4054725
2025-09-05 11:08:46.449681+05:30,115.95,,4054725
2025-09-05 11:08:47.217494+05:30,115.6,,4054725
2025-09-05 11:08:47.397775+05:30,115.55,,4054725
2025-09-05 11:08:48.247182+05:30,115.75,,4054725
2025-09-05 11:08:48.504393+05:30,115.4,,4054725
2025-09-05 11:08:49.165829+05:30,115.0,,4054725
2025-09-05 11:08:49.388268+05:30,115.25,,4054725
2025-09-05 11:08:50.187457+05:30,115.0,,4054725
2025-09-05 11:08:50.660041+05:30,115.25,,4054725
2025-09-05 11:08:50.924708+05:30,115.3,,4054725
2025-09-05 11:08:51.200630+05:30,115.25,,4054725
2025-09-05 11:08:51.682637+05:30,115.2,,4054725
2025-09-05 11:08:52.250316+05:30,115.15,,4054725
2025-09-05 11:08:52.434766+05:30,114.95,,4054725
2025-09-05 11:08:52.703601+05:30,114.65,,4054725
2025-09-05 11:08:53.192910+05:30,114.8,,4054725
2025-09-05 11:08:53.399884+05:30,114.8,,4054725
2025-09-05 11:08:54.222050+05:30,114.55,,4054725
2025-09-05 11:08:54.388486+05:30,113.8,,4054725
2025-09-05 11:08:55.182304+05:30,114.55,,4054725
2025-09-05 11:08:55.638051+05:30,114.75,,4054725
2025-09-05 11:08:55.943563+05:30,114.4,,4054725
2025-09-05 11:08:56.207256+05:30,114.2,,4054725
2025-09-05 11:08:56.439602+05:30,114.25,,4054725
2025-09-05 11:08:57.162504+05:30,114.15,,4054725
2025-09-05 11:08:57.700479+05:30,113.5,,4054725
2025-09-05 11:08:58.236712+05:30,113.35,,4054725
2025-09-05 11:08:58.433464+05:30,113.45,,4054725
2025-09-05 11:08:59.240667+05:30,113.25,,4054725
2025-09-05 11:08:59.409225+05:30,113.4,,4054725
2025-09-05 11:09:00.200344+05:30,113.25,,4054725
2025-09-05 11:09:00.638891+05:30,112.9,,4054725
2025-09-05 11:09:00.954460+05:30,113.0,,4054725
2025-09-05 11:09:01.159355+05:30,112.8,,4054725
2025-09-05 11:09:01.468504+05:30,112.8,,4054725
2025-09-05 11:09:02.157449+05:30,112.6,,4054725
2025-09-05 11:09:02.477604+05:30,113.15,,4054725
2025-09-05 11:09:02.689689+05:30,113.5,,4054725
2025-09-05 11:09:03.216337+05:30,112.85,,4054725
2025-09-05 11:09:03.675312+05:30,113.15,,4054725
2025-09-05 11:09:04.295349+05:30,113.35,,4054725
2025-09-05 11:09:04.466029+05:30,113.0,,4054725
2025-09-05 11:09:05.199605+05:30,113.05,,4054725
2025-09-05 11:09:05.433806+05:30,113.0,,4054725
2025-09-05 11:09:05.652874+05:30,113.4,,4054725
2025-09-05 11:09:05.937845+05:30,113.4,,4054725
2025-09-05 11:09:06.157340+05:30,113.6,,4054725
2025-09-05 11:09:06.425290+05:30,114.0,,4054725
2025-09-05 11:09:07.216030+05:30,113.35,,4054725
2025-09-05 11:09:07.480917+05:30,113.1,,4054725
2025-09-05 11:09:08.257504+05:30,113.05,,4054725
2025-09-05 11:09:08.510200+05:30,113.15,,4054725
2025-09-05 11:09:09.236538+05:30,112.9,,4054725
2025-09-05 11:09:09.638032+05:30,112.55,,4054725
2025-09-05 11:09:10.193605+05:30,112.9,,4054725
2025-09-05 11:09:10.423643+05:30,113.2,,4054725
2025-09-05 11:09:10.637884+05:30,113.05,,4054725
2025-09-05 11:09:10.923188+05:30,113.15,,4054725
2025-09-05 11:09:11.226108+05:30,112.8,,4054725
2025-09-05 11:09:11.449367+05:30,112.65,,4054725
2025-09-05 11:09:12.443759+05:30,112.65,,4054725
2025-09-05 11:09:13.253024+05:30,112.8,,4054725
2025-09-05 11:09:13.470877+05:30,112.8,,4054725
2025-09-05 11:09:14.165482+05:30,112.75,,4054725
2025-09-05 11:09:14.493759+05:30,112.9,,4054725
2025-09-05 11:09:15.179734+05:30,112.9,,4054725
2025-09-05 11:09:15.426624+05:30,113.5,,4054725
2025-09-05 11:09:15.665041+05:30,113.65,,4054725
2025-09-05 11:09:15.918895+05:30,113.55,,4054725
2025-09-05 11:09:16.218670+05:30,113.75,,4054725
2025-09-05 11:09:16.404674+05:30,114.0,,4054725
2025-09-05 11:09:17.160135+05:30,114.45,,4054725
2025-09-05 11:09:17.460290+05:30,114.45,,4054725
2025-09-05 11:09:18.224758+05:30,115.5,,4054725
2025-09-05 11:09:18.494387+05:30,116.0,,4054725
2025-09-05 11:09:18.941771+05:30,116.15,,4054725
2025-09-05 11:09:19.270295+05:30,116.4,,4054725
2025-09-05 11:09:19.447495+05:30,116.55,,4054725
2025-09-05 11:09:20.160453+05:30,116.9,,4054725
2025-09-05 11:09:20.415192+05:30,117.15,,4054725
2025-09-05 11:09:20.651479+05:30,117.6,,4054725
2025-09-05 11:09:21.220441+05:30,117.5,,4054725
2025-09-05 11:09:21.561386+05:30,117.5,,4054725
2025-09-05 11:09:22.163312+05:30,116.8,,4054725
2025-09-05 11:09:22.387986+05:30,116.95,,4054725
2025-09-05 11:09:23.421818+05:30,117.4,,4054725
2025-09-05 11:09:23.909720+05:30,117.5,,4054725
2025-09-05 11:09:24.202141+05:30,117.1,,4054725
2025-09-05 11:09:24.410130+05:30,117.3,,4054725
2025-09-05 11:09:25.153293+05:30,116.95,,4054725
2025-09-05 11:09:25.398023+05:30,117.15,,4054725
2025-09-05 11:09:25.634502+05:30,117.15,,4054725
2025-09-05 11:09:26.224298+05:30,117.15,,4054725
2025-09-05 11:09:26.410035+05:30,117.35,,4054725
2025-09-05 11:09:27.239446+05:30,117.75,,4054725
2025-09-05 11:09:27.397179+05:30,117.75,,4054725
2025-09-05 11:09:28.176861+05:30,118.0,,4054725
2025-09-05 11:09:28.403293+05:30,118.25,,4054725
2025-09-05 11:09:28.904581+05:30,117.7,,4054725
2025-09-05 11:09:29.490838+05:30,117.35,,4054725
2025-09-05 11:09:30.182932+05:30,117.6,,4054725
2025-09-05 11:09:30.447874+05:30,117.6,,4054725
2025-09-05 11:09:30.662508+05:30,117.6,,4054725
2025-09-05 11:09:31.480816+05:30,117.1,,4054725
2025-09-05 11:09:32.200167+05:30,116.75,,4054725
2025-09-05 11:09:32.637755+05:30,117.1,,4054725
2025-09-05 11:09:33.491786+05:30,116.4,,4054725
2025-09-05 11:09:33.909673+05:30,116.2,,4054725
2025-09-05 11:09:34.409965+05:30,116.05,,4054725
2025-09-05 11:09:35.457632+05:30,115.8,,4054725
2025-09-05 11:09:35.637897+05:30,115.85,,4054725
2025-09-05 11:09:36.495947+05:30,116.0,,4054725
2025-09-05 11:09:37.231175+05:30,115.7,,4054725
2025-09-05 11:09:37.384196+05:30,116.45,,4054725
2025-09-05 11:09:37.686732+05:30,116.4,,4054725
2025-09-05 11:09:38.460187+05:30,116.9,,4054725
2025-09-05 11:09:38.635360+05:30,116.85,,4054725
2025-09-05 11:09:38.916443+05:30,117.25,,4054725
2025-09-05 11:09:39.230392+05:30,116.9,,4054725
2025-09-05 11:09:39.434205+05:30,117.1,,4054725
2025-09-05 11:09:40.420399+05:30,116.85,,4054725
2025-09-05 11:09:41.202248+05:30,117.35,,4054725
2025-09-05 11:09:41.694756+05:30,117.25,,4054725
2025-09-05 11:09:42.230715+05:30,117.4,,4054725
2025-09-05 11:09:42.426459+05:30,117.4,,4054725
2025-09-05 11:09:43.165282+05:30,117.4,,4054725
2025-09-05 11:09:43.470650+05:30,117.15,,4054725
2025-09-05 11:09:43.637738+05:30,117.25,,4054725
2025-09-05 11:09:43.944061+05:30,117.25,,4054725
2025-09-05 11:09:44.462811+05:30,117.65,,4069425
2025-09-05 11:09:45.552322+05:30,117.8,,4069425
2025-09-05 11:09:46.490505+05:30,117.85,,4069425
2025-09-05 11:09:46.914668+05:30,118.55,,4069425
2025-09-05 11:09:47.151291+05:30,118.0,,4069425
2025-09-05 11:09:47.681164+05:30,118.1,,4069425
2025-09-05 11:09:48.440844+05:30,117.65,,4069425
2025-09-05 11:09:48.664727+05:30,117.5,,4069425
2025-09-05 11:09:49.477121+05:30,117.8,,4069425
2025-09-05 11:09:50.419558+05:30,118.25,,4069425
2025-09-05 11:09:51.162365+05:30,118.25,,4069425
2025-09-05 11:09:51.391190+05:30,118.6,,4069425
2025-09-05 11:09:51.909701+05:30,118.85,,4069425
2025-09-05 11:09:52.203247+05:30,118.95,,4069425
2025-09-05 11:09:52.473377+05:30,119.25,,4069425
2025-09-05 11:09:53.489860+05:30,119.4,,4069425
2025-09-05 11:09:53.987207+05:30,120.65,,4069425
2025-09-05 11:09:54.494820+05:30,120.7,,4069425
2025-09-05 11:09:55.423350+05:30,119.9,,4069425
2025-09-05 11:09:55.659549+05:30,119.9,,4069425
2025-09-05 11:09:56.414770+05:30,120.4,,4069425
2025-09-05 11:09:56.909945+05:30,120.05,,4069425
2025-09-05 11:09:57.231561+05:30,120.25,,4069425
2025-09-05 11:09:57.673551+05:30,120.4,,4069425
2025-09-05 11:09:58.181611+05:30,120.0,,4069425
2025-09-05 11:09:58.388550+05:30,119.7,,4069425
2025-09-05 11:09:59.273072+05:30,119.65,,4069425
2025-09-05 11:09:59.642822+05:30,119.9,,4069425
2025-09-05 11:10:00.155539+05:30,119.4,,4069425
2025-09-05 11:10:00.700458+05:30,119.35,,4069425
2025-09-05 11:10:01.525470+05:30,119.9,,4069425
2025-09-05 11:10:01.639567+05:30,119.65,,4069425
2025-09-05 11:10:01.942299+05:30,119.75,,4069425
2025-09-05 11:10:02.413680+05:30,119.6,,4069425
2025-09-05 11:10:02.687587+05:30,119.85,,4069425
2025-09-05 11:10:03.388111+05:30,119.5,,4069425
2025-09-05 11:10:04.387806+05:30,119.65,,4069425
2025-09-05 11:10:05.160571+05:30,119.5,,4069425
2025-09-05 11:10:05.387884+05:30,119.8,,4069425
2025-09-05 11:10:06.430797+05:30,119.3,,4069425
2025-09-05 11:10:06.698679+05:30,119.6,,4069425
2025-09-05 11:10:07.400079+05:30,119.45,,4069425
2025-09-05 11:10:07.718694+05:30,120.15,,4069425
2025-09-05 11:10:08.392655+05:30,120.95,,4069425
2025-09-05 11:10:09.469458+05:30,121.0,,4069425
2025-09-05 11:10:10.145316+05:30,121.65,,4069425
2025-09-05 11:10:10.435936+05:30,121.75,,4069425
2025-09-05 11:10:11.427468+05:30,121.25,,4069425
2025-09-05 11:10:11.662642+05:30,121.35,,4069425
2025-09-05 11:10:12.218503+05:30,121.4,,4069425
2025-09-05 11:10:12.387642+05:30,121.45,,4069425
2025-09-05 11:10:13.404446+05:30,121.3,,4069425
2025-09-05 11:10:14.423716+05:30,121.0,,4069425
2025-09-05 11:10:14.909432+05:30,120.85,,4069425
2025-09-05 11:10:15.516599+05:30,121.25,,4069425
2025-09-05 11:10:16.159915+05:30,120.95,,4069425
2025-09-05 11:10:16.455636+05:30,121.0,,4069425
2025-09-05 11:10:17.482127+05:30,121.75,,4069425
2025-09-05 11:10:18.399420+05:30,121.8,,4069425
2025-09-05 11:10:18.708048+05:30,121.5,,4069425
2025-09-05 11:10:19.436857+05:30,121.55,,4069425
2025-09-05 11:10:19.924653+05:30,122.0,,4069425
2025-09-05 11:10:20.476523+05:30,122.0,,4069425
2025-09-05 11:10:21.171453+05:30,121.4,,4069425
2025-09-05 11:10:21.429449+05:30,121.5,,4069425
2025-09-05 11:10:22.487796+05:30,120.6,,4069425
2025-09-05 11:10:23.234042+05:30,120.75,,4069425
2025-09-05 11:10:23.417505+05:30,120.9,,4069425
2025-09-05 11:10:24.438194+05:30,121.0,,4069425
2025-09-05 11:10:24.920984+05:30,121.35,,4069425
2025-09-05 11:10:25.457464+05:30,121.55,,4069425
2025-09-05 11:10:26.460148+05:30,121.35,,4069425
2025-09-05 11:10:26.681862+05:30,121.35,,4069425
2025-09-05 11:10:27.407353+05:30,121.65,,4069425
2025-09-05 11:10:28.195605+05:30,121.75,,4069425
2025-09-05 11:10:28.401310+05:30,121.7,,4069425
2025-09-05 11:10:29.463826+05:30,121.65,,4069425
2025-09-05 11:10:29.656633+05:30,121.2,,4069425
2025-09-05 11:10:29.936138+05:30,121.5,,4069425
2025-09-05 11:10:30.437516+05:30,121.35,,4069425
2025-09-05 11:10:30.661862+05:30,120.45,,4069425
2025-09-05 11:10:31.192024+05:30,121.25,,4069425
2025-09-05 11:10:33.137409+05:30,121.2,,4069425
2025-09-05 11:10:34.175805+05:30,119.85,,4069425
2025-09-05 11:10:35.895092+05:30,119.85,,4069425
2025-09-05 11:10:37.137562+05:30,119.35,,4069425
2025-09-05 11:10:37.733136+05:30,119.75,,4069425
2025-09-05 11:10:38.204045+05:30,119.6,,4069425
2025-09-05 11:10:38.503591+05:30,119.5,,4069425
2025-09-05 11:10:39.434624+05:30,119.6,,4069425
2025-09-05 11:10:39.990027+05:30,119.8,,4069425
2025-09-05 11:10:40.400810+05:30,119.45,,4069425
2025-09-05 11:10:41.497604+05:30,120.0,,4069425
2025-09-05 11:10:41.665878+05:30,120.0,,4069425
2025-09-05 11:10:42.270494+05:30,119.0,,4069425
2025-09-05 11:10:42.436053+05:30,119.2,,4069425
2025-09-05 11:10:43.183270+05:30,119.0,,4069425
2025-09-05 11:10:43.478350+05:30,118.8,,4069425
2025-09-05 11:10:44.414635+05:30,118.8,,4069425
2025-09-05 11:10:44.936840+05:30,118.55,,4069425
2025-09-05 11:10:45.256714+05:30,118.65,,4069425
2025-09-05 11:10:45.637447+05:30,118.35,,4069425
2025-09-05 11:10:46.477775+05:30,118.4,,4069425
2025-09-05 11:10:47.190101+05:30,119.05,,4069425
2025-09-05 11:10:47.667132+05:30,119.25,,4069425
2025-09-05 11:10:48.172744+05:30,118.9,,4069425
2025-09-05 11:10:48.425983+05:30,119.1,,4069425
2025-09-05 11:10:49.184173+05:30,119.3,,4069425
2025-09-05 11:10:49.403327+05:30,119.25,,4069425
2025-09-05 11:10:49.924435+05:30,119.05,,4069425
2025-09-05 11:10:50.449184+05:30,118.75,,4069425
2025-09-05 11:10:50.659729+05:30,118.75,,4069425
2025-09-05 11:10:51.477258+05:30,118.8,,4069425
2025-09-05 11:10:51.676474+05:30,118.8,,4069425
2025-09-05 11:10:52.406580+05:30,119.0,,4069425
2025-09-05 11:10:53.154924+05:30,118.9,,4069425
2025-09-05 11:10:53.663342+05:30,118.85,,4069425
2025-09-05 11:10:54.481924+05:30,119.6,,4069425
2025-09-05 11:10:54.906828+05:30,119.3,,4069425
2025-09-05 11:10:55.467551+05:30,118.95,,4069425
2025-09-05 11:10:56.402156+05:30,117.4,,4069425
2025-09-05 11:10:57.397132+05:30,116.25,,4069425
2025-09-05 11:10:58.202620+05:30,116.3,,4069425
2025-09-05 11:10:58.421294+05:30,116.6,,4069425
2025-09-05 11:10:59.407061+05:30,116.95,,4069425
2025-09-05 11:10:59.974050+05:30,117.5,,4069425
2025-09-05 11:11:00.387434+05:30,117.55,,4069425
2025-09-05 11:11:00.735729+05:30,118.55,,4069425
2025-09-05 11:11:01.470263+05:30,118.1,,4069425
2025-09-05 11:11:02.438192+05:30,117.65,,4069425
2025-09-05 11:11:03.156559+05:30,117.9,,4069425
