time,last_price,volume,oi
2025-09-04 12:10:38.647560+05:30,74.35,,14631600
2025-09-04 12:10:38.899554+05:30,72.65,,14631600
2025-09-04 12:10:39.393898+05:30,72.9,,14631600
2025-09-04 12:10:39.646194+05:30,72.85,,14631600
2025-09-04 12:10:40.418909+05:30,73.2,,14631600
2025-09-04 12:10:40.882767+05:30,73.4,,14631600
2025-09-04 12:10:41.317353+05:30,73.25,,14631600
2025-09-04 12:10:41.901033+05:30,72.95,,14631600
2025-09-04 12:10:42.112011+05:30,72.75,,14631600
2025-09-04 12:10:42.384064+05:30,72.8,,14631600
2025-09-04 12:10:42.870706+05:30,72.85,,14631600
2025-09-04 12:10:43.361042+05:30,72.65,,14631600
2025-09-04 12:10:43.853920+05:30,73.15,,14631600
2025-09-04 12:10:44.183788+05:30,72.9,,14631600
2025-09-04 12:10:44.609988+05:30,73.0,,14631600
2025-09-04 12:10:45.622903+05:30,72.45,,14631600
2025-09-04 12:10:45.884316+05:30,72.3,,14631600
2025-09-04 12:10:46.398485+05:30,72.25,,14631600
2025-09-04 12:10:46.854855+05:30,72.4,,14631600
2025-09-04 12:10:47.411011+05:30,73.15,,14631600
2025-09-04 12:10:47.823008+05:30,73.1,,14631600
2025-09-04 12:10:48.383490+05:30,73.4,,14631600
2025-09-04 12:10:48.916160+05:30,72.75,,14631600
2025-09-04 12:10:49.137772+05:30,73.0,,14631600
2025-09-04 12:10:49.350200+05:30,72.55,,14631600
2025-09-04 12:10:49.687249+05:30,72.9,,14631600
2025-09-04 12:10:50.647192+05:30,72.7,,14631600
2025-09-04 12:10:50.904714+05:30,72.75,,14631600
2025-09-04 12:10:51.343610+05:30,72.85,,14631600
2025-09-04 12:10:51.919184+05:30,73.05,,14631600
2025-09-04 12:10:52.385649+05:30,73.05,,14631600
2025-09-04 12:10:52.840075+05:30,73.4,,14631600
2025-09-04 12:10:53.372800+05:30,73.5,,14631600
2025-09-04 12:10:53.821617+05:30,73.55,,14631600
2025-09-04 12:10:54.330395+05:30,74.05,,14631600
2025-09-04 12:10:54.932327+05:30,73.9,,14631600
2025-09-04 12:10:55.346562+05:30,73.85,,14631600
2025-09-04 12:10:55.866255+05:30,74.35,,14631600
2025-09-04 12:10:56.455079+05:30,74.2,,14631600
2025-09-04 12:10:56.838096+05:30,74.15,,14631600
2025-09-04 12:10:57.615792+05:30,74.35,,14631600
2025-09-04 12:10:57.834990+05:30,74.2,,14631600
2025-09-04 12:10:58.395780+05:30,74.3,,14631600
2025-09-04 12:10:58.848615+05:30,74.6,,14631600
2025-09-04 12:10:59.597451+05:30,74.7,,14631600
2025-09-04 12:10:59.922896+05:30,74.85,,14631600
2025-09-04 12:11:00.426001+05:30,74.9,,14631600
2025-09-04 12:11:00.874287+05:30,75.05,,14631600
2025-09-04 12:11:01.376658+05:30,75.1,,14631600
2025-09-04 12:11:01.865583+05:30,75.25,,14631600
2025-09-04 12:11:02.415174+05:30,74.45,,14631600
2025-09-04 12:11:02.849229+05:30,74.35,,14631600
2025-09-04 12:11:03.406020+05:30,74.5,,14631600
2025-09-04 12:11:03.826599+05:30,74.6,,14631600
2025-09-04 12:11:04.366076+05:30,74.8,,14631600
2025-09-04 12:11:04.873695+05:30,74.65,,14631600
2025-09-04 12:11:05.448809+05:30,74.7,,14631600
2025-09-04 12:11:05.857012+05:30,74.6,,14631600
2025-09-04 12:11:06.169379+05:30,74.5,,14631600
2025-09-04 12:11:06.872830+05:30,74.65,,14631600
2025-09-04 12:11:07.348117+05:30,74.85,,14631600
2025-09-04 12:11:07.853577+05:30,74.75,,14631600
2025-09-04 12:11:08.354975+05:30,74.9,,14631600
2025-09-04 12:11:08.860526+05:30,74.65,,14631600
2025-09-04 12:11:09.591336+05:30,74.5,,14631600
2025-09-04 12:11:09.869001+05:30,74.7,,14631600
2025-09-04 12:11:10.363860+05:30,75.0,,14631600
2025-09-04 12:11:10.856325+05:30,75.05,,14631600
2025-09-04 12:11:11.372440+05:30,75.5,,14631600
2025-09-04 12:11:11.856945+05:30,75.25,,14631600
2025-09-04 12:11:12.396569+05:30,74.35,,14631600
2025-09-04 12:11:12.839471+05:30,74.25,,14631600
2025-09-04 12:11:13.349480+05:30,74.5,,14631600
2025-09-04 12:11:13.821152+05:30,74.1,,14631600
2025-09-04 12:11:14.169648+05:30,74.35,,14631600
2025-09-04 12:11:14.605627+05:30,74.4,,14631600
2025-09-04 12:11:14.897389+05:30,74.4,,14631600
2025-09-04 12:11:15.315822+05:30,74.45,,14631600
2025-09-04 12:11:15.853612+05:30,74.35,,14631600
2025-09-04 12:11:16.353206+05:30,74.2,,14631600
2025-09-04 12:11:16.844396+05:30,74.15,,14631600
2025-09-04 12:11:17.611282+05:30,74.2,,14631600
2025-09-04 12:11:17.848028+05:30,74.1,,14631600
2025-09-04 12:11:18.429479+05:30,74.15,,14631600
2025-09-04 12:11:18.820657+05:30,74.2,,14631600
2025-09-04 12:11:19.168009+05:30,74.2,,14631600
2025-09-04 12:11:19.367694+05:30,74.2,,14631600
2025-09-04 12:11:19.840637+05:30,74.05,,14631600
2025-09-04 12:11:20.598571+05:30,73.95,,14631600
2025-09-04 12:11:20.841094+05:30,73.65,,14631600
2025-09-04 12:11:21.097197+05:30,73.65,,14631600
2025-09-04 12:11:21.389519+05:30,73.65,,14631600
2025-09-04 12:11:21.870199+05:30,73.85,,14631600
2025-09-04 12:11:22.371108+05:30,73.8,,14631600
2025-09-04 12:11:22.828798+05:30,73.95,,14631600
2025-09-04 12:11:23.390018+05:30,73.8,,14631600
2025-09-04 12:11:23.850495+05:30,73.8,,14631600
2025-09-04 12:11:24.153100+05:30,73.85,,14631600
2025-09-04 12:11:24.435195+05:30,73.85,,14631600
2025-09-04 12:11:24.928147+05:30,73.9,,14631600
2025-09-04 12:11:25.424624+05:30,73.45,,14631600
2025-09-04 12:11:25.872341+05:30,73.35,,14631600
2025-09-04 12:11:26.363451+05:30,73.45,,14631600
2025-09-04 12:11:26.839897+05:30,73.45,,14631600
2025-09-04 12:11:27.362781+05:30,73.25,,14631600
2025-09-04 12:11:27.837890+05:30,73.4,,14631600
2025-09-04 12:11:28.426105+05:30,73.25,,14631600
2025-09-04 12:11:28.864141+05:30,73.4,,14631600
2025-09-04 12:11:29.218640+05:30,73.45,,14631600
2025-09-04 12:11:29.340279+05:30,73.45,,14631600
2025-09-04 12:11:29.917972+05:30,73.55,,14631600
2025-09-04 12:11:30.416615+05:30,73.85,,14631600
2025-09-04 12:11:30.860937+05:30,74.1,,14631600
2025-09-04 12:11:31.088127+05:30,74.0,,14631600
2025-09-04 12:11:31.837638+05:30,74.15,,14631600
2025-09-04 12:11:32.411983+05:30,73.9,,14631600
2025-09-04 12:11:32.845310+05:30,74.1,,14631600
2025-09-04 12:11:33.426957+05:30,74.15,,14631600
2025-09-04 12:11:33.873009+05:30,74.0,,14631600
2025-09-04 12:11:34.144276+05:30,73.95,,14631600
2025-09-04 12:11:34.405205+05:30,73.9,,14631600
2025-09-04 12:11:34.909571+05:30,73.75,,14631600
2025-09-04 12:11:35.379405+05:30,73.7,,14631600
2025-09-04 12:11:35.916488+05:30,73.8,,14631600
2025-09-04 12:11:36.109873+05:30,73.75,,14631600
2025-09-04 12:11:36.842699+05:30,73.9,,14631600
2025-09-04 12:11:37.658869+05:30,73.75,,14631600
2025-09-04 12:11:37.825103+05:30,73.6,,14631600
2025-09-04 12:11:38.452662+05:30,73.8,,14631600
2025-09-04 12:11:38.886618+05:30,73.6,,14631600
2025-09-04 12:11:39.142335+05:30,73.5,,14631600
2025-09-04 12:11:39.409340+05:30,73.4,,14631600
2025-09-04 12:11:39.917950+05:30,73.45,,14631600
2025-09-04 12:11:40.359876+05:30,73.0,,14631600
2025-09-04 12:11:40.895257+05:30,72.8,,14631600
2025-09-04 12:11:41.422854+05:30,72.95,,14631600
2025-09-04 12:11:41.859457+05:30,73.25,,14631600
2025-09-04 12:11:42.472302+05:30,73.05,,14631600
2025-09-04 12:11:42.847978+05:30,73.2,,14631600
2025-09-04 12:11:43.461782+05:30,73.45,,14631600
2025-09-04 12:11:43.822115+05:30,73.3,,14631600
2025-09-04 12:11:44.148422+05:30,73.5,,14631600
2025-09-04 12:11:44.381139+05:30,72.95,,14631600
2025-09-04 12:11:44.852201+05:30,73.05,,14631600
2025-09-04 12:11:45.412575+05:30,72.9,,14631600
2025-09-04 12:11:45.632483+05:30,73.1,,14631600
2025-09-04 12:11:45.845018+05:30,73.1,,14631600
2025-09-04 12:11:46.379685+05:30,73.2,,14631600
2025-09-04 12:11:46.887599+05:30,73.2,,14631600
2025-09-04 12:11:47.341010+05:30,73.05,,14631600
2025-09-04 12:11:47.823907+05:30,73.0,,14631600
2025-09-04 12:11:48.398917+05:30,73.0,,14631600
2025-09-04 12:11:48.844002+05:30,73.85,,14631600
2025-09-04 12:11:49.143039+05:30,73.2,,14631600
2025-09-04 12:11:49.590154+05:30,73.25,,14631600
2025-09-04 12:11:49.865599+05:30,73.35,,14631600
2025-09-04 12:11:50.642977+05:30,73.25,,14631600
2025-09-04 12:11:50.895718+05:30,73.3,,14631600
2025-09-04 12:11:51.196484+05:30,73.25,,14631600
2025-09-04 12:11:51.380839+05:30,73.2,,14631600
2025-09-04 12:11:51.872387+05:30,73.3,,14631600
2025-09-04 12:11:52.110432+05:30,73.15,,14631600
2025-09-04 12:11:52.423925+05:30,73.2,,14631600
2025-09-04 12:11:52.825181+05:30,73.25,,14631600
2025-09-04 12:11:53.392594+05:30,73.25,,14631600
2025-09-04 12:11:53.825063+05:30,73.15,,14631600
2025-09-04 12:11:54.094064+05:30,73.35,,14631600
2025-09-04 12:11:54.362944+05:30,73.3,,14631600
2025-09-04 12:11:54.881615+05:30,73.2,,14631600
2025-09-04 12:11:55.350618+05:30,73.05,,14631600
2025-09-04 12:11:55.697641+05:30,73.1,,14631600
2025-09-04 12:11:55.844146+05:30,73.0,,14631600
2025-09-04 12:11:56.347464+05:30,73.0,,14631600
2025-09-04 12:11:56.845237+05:30,72.7,,14631600
2025-09-04 12:11:57.091037+05:30,73.0,,14631600
2025-09-04 12:11:57.414029+05:30,73.0,,14631600
2025-09-04 12:11:57.820835+05:30,73.15,,14631600
2025-09-04 12:11:58.397771+05:30,73.25,,14631600
2025-09-04 12:11:58.842127+05:30,73.2,,14631600
2025-09-04 12:11:59.611863+05:30,72.85,,14631600
2025-09-04 12:11:59.893391+05:30,72.15,,14631600
2025-09-04 12:12:00.686737+05:30,71.9,,14631600
2025-09-04 12:12:00.873569+05:30,72.4,,14631600
2025-09-04 12:12:01.400934+05:30,72.5,,14631600
2025-09-04 12:12:01.869510+05:30,72.2,,14631600
2025-09-04 12:12:02.095037+05:30,72.6,,14631600
2025-09-04 12:12:02.468631+05:30,71.85,,14631600
2025-09-04 12:12:02.608499+05:30,71.95,,14631600
2025-09-04 12:12:02.844484+05:30,72.35,,14631600
2025-09-04 12:12:03.366886+05:30,72.0,,14631600
2025-09-04 12:12:03.854350+05:30,71.8,,14631600
2025-09-04 12:12:04.650505+05:30,72.2,,14631600
2025-09-04 12:12:04.888252+05:30,72.5,,14631600
2025-09-04 12:12:05.396845+05:30,72.45,,14631600
2025-09-04 12:12:05.883088+05:30,72.0,,14631600
2025-09-04 12:12:06.668871+05:30,72.15,,14631600
2025-09-04 12:12:06.863545+05:30,72.4,,14631600
2025-09-04 12:12:07.093960+05:30,72.45,,14631600
2025-09-04 12:12:07.382128+05:30,72.55,,14631600
2025-09-04 12:12:07.822268+05:30,72.5,,14631600
2025-09-04 12:12:08.355167+05:30,72.55,,14631600
2025-09-04 12:12:08.644558+05:30,72.5,,14631600
2025-09-04 12:12:08.827966+05:30,72.7,,14631600
2025-09-04 12:12:09.142565+05:30,73.1,,14631600
2025-09-04 12:12:09.359799+05:30,72.85,,14631600
2025-09-04 12:12:09.859266+05:30,72.65,,14631600
2025-09-04 12:12:10.461646+05:30,72.8,,14631600
2025-09-04 12:12:10.892237+05:30,73.0,,14631600
2025-09-04 12:12:11.376177+05:30,73.0,,14631600
2025-09-04 12:12:11.864139+05:30,73.1,,14631600
2025-09-04 12:12:12.620135+05:30,72.95,,14631600
2025-09-04 12:12:12.821722+05:30,72.95,,14631600
2025-09-04 12:12:13.378056+05:30,72.6,,14631600
2025-09-04 12:12:13.611016+05:30,72.75,,14631600
2025-09-04 12:12:13.816021+05:30,72.55,,14631600
2025-09-04 12:12:14.180160+05:30,72.75,,14631600
2025-09-04 12:12:14.641558+05:30,72.7,,14631600
2025-09-04 12:12:14.886429+05:30,72.6,,14631600
2025-09-04 12:12:15.417107+05:30,72.55,,14631600
2025-09-04 12:12:15.877457+05:30,72.6,,14631600
2025-09-04 12:12:16.368482+05:30,72.7,,14631600
2025-09-04 12:12:16.824051+05:30,72.8,,14631600
2025-09-04 12:12:17.412524+05:30,72.6,,14631600
2025-09-04 12:12:17.824040+05:30,72.4,,14631600
2025-09-04 12:12:18.448033+05:30,72.55,,14631600
2025-09-04 12:12:18.824753+05:30,72.45,,14631600
2025-09-04 12:12:19.640540+05:30,72.55,,14631600
2025-09-04 12:12:19.872156+05:30,72.4,,14631600
2025-09-04 12:12:20.075124+05:30,72.45,,14631600
2025-09-04 12:12:20.319485+05:30,72.25,,14631600
2025-09-04 12:12:20.598707+05:30,72.2,,14631600
2025-09-04 12:12:20.838638+05:30,71.9,,14631600
2025-09-04 12:12:21.400006+05:30,72.0,,14631600
2025-09-04 12:12:21.850962+05:30,72.05,,14631600
2025-09-04 12:12:22.069890+05:30,72.0,,14631600
2025-09-04 12:12:22.389838+05:30,72.05,,14631600
2025-09-04 12:12:22.824637+05:30,72.0,,14631600
2025-09-04 12:12:23.402256+05:30,71.75,,14631600
2025-09-04 12:12:23.873812+05:30,71.45,,14631600
2025-09-04 12:12:24.412564+05:30,71.05,,14631600
2025-09-04 12:12:24.878291+05:30,71.25,,14631600
2025-09-04 12:12:25.101599+05:30,71.35,,14631600
2025-09-04 12:12:25.396857+05:30,71.45,,14631600
2025-09-04 12:12:25.621406+05:30,71.85,,14631600
2025-09-04 12:16:19.231456+05:30,73.45,,14926350
2025-09-04 12:16:19.568916+05:30,73.25,,14926350
2025-09-04 12:16:20.102299+05:30,73.0,,14926350
2025-09-04 12:16:20.380965+05:30,72.9,,14926350
2025-09-04 12:16:20.595963+05:30,72.85,,14926350
2025-09-04 12:16:20.843200+05:30,71.7,,14926350
2025-09-04 12:16:21.391887+05:30,72.0,,14926350
2025-09-04 12:16:21.882189+05:30,72.0,,14926350
2025-09-04 12:16:22.102516+05:30,71.9,,14926350
2025-09-04 12:16:22.607912+05:30,72.05,,14926350
2025-09-04 12:16:23.068380+05:30,72.0,,14926350
2025-09-04 12:16:23.407840+05:30,72.0,,14926350
2025-09-04 12:16:24.090420+05:30,72.0,,14926350
2025-09-04 12:16:24.398883+05:30,72.1,,14926350
2025-09-04 12:16:25.129735+05:30,71.7,,14926350
2025-09-04 12:16:25.362445+05:30,71.7,,14926350
2025-09-04 12:16:26.109941+05:30,71.75,,14926350
2025-09-04 12:16:26.384989+05:30,71.3,,14926350
2025-09-04 12:16:26.588536+05:30,71.3,,14926350
2025-09-04 12:16:27.117530+05:30,71.15,,14926350
2025-09-04 12:16:27.364964+05:30,71.1,,14926350
2025-09-04 12:18:24.995563+05:30,71.95,,14926350
2025-09-04 12:18:25.473708+05:30,71.75,,14926350
2025-09-04 12:18:25.730408+05:30,71.9,,14926350
2025-09-04 12:18:25.972754+05:30,71.85,,14926350
2025-09-04 12:18:26.235497+05:30,71.9,,14926350
2025-09-04 12:18:26.991334+05:30,71.9,,14926350
2025-09-04 12:18:27.211099+05:30,71.75,,14926350
2025-09-04 12:18:27.456801+05:30,71.7,,14926350
2025-09-04 12:18:27.976547+05:30,71.8,,14926350
2025-09-04 12:18:28.474490+05:30,71.65,,14926350
2025-09-04 12:18:28.952126+05:30,71.95,,14926350
2025-09-04 12:18:29.515268+05:30,71.8,,14926350
2025-09-04 12:18:29.992141+05:30,71.45,,14926350
2025-09-04 12:18:30.232604+05:30,71.2,,14926350
2025-09-04 12:18:30.525246+05:30,71.0,,14926350
2025-09-04 12:18:30.974760+05:30,71.35,,14926350
2025-09-04 12:18:31.268437+05:30,71.35,,14926350
2025-09-04 12:18:31.462112+05:30,71.15,,14926350
2025-09-04 12:18:31.738941+05:30,71.15,,14926350
2025-09-04 12:18:31.987329+05:30,71.45,,14926350
2025-09-04 12:18:32.339870+05:30,71.45,,14926350
2025-09-04 12:18:32.478410+05:30,71.6,,14926350
2025-09-04 12:18:32.974886+05:30,71.35,,14926350
2025-09-04 12:18:33.482508+05:30,71.3,,14926350
2025-09-04 12:18:34.024707+05:30,71.4,,14926350
2025-09-04 12:18:34.503377+05:30,71.5,,14926350
2025-09-04 12:18:34.984650+05:30,71.3,,14926350
2025-09-04 12:18:35.496639+05:30,71.35,,14926350
2025-09-04 12:18:36.003664+05:30,71.4,,14926350
2025-09-04 12:18:36.213602+05:30,71.35,,14926350
2025-09-04 12:18:36.456586+05:30,71.35,,14926350
2025-09-04 12:18:36.978401+05:30,71.55,,14926350
2025-09-04 12:18:37.229969+05:30,71.4,,14926350
2025-09-04 12:18:37.957935+05:30,71.15,,14926350
2025-09-04 12:18:38.497924+05:30,71.15,,14926350
2025-09-04 12:18:38.973820+05:30,70.9,,14926350
2025-09-04 12:18:39.524088+05:30,70.85,,14926350
2025-09-04 12:18:39.984907+05:30,70.7,,14926350
2025-09-04 12:18:40.493840+05:30,70.75,,14926350
2025-09-04 12:18:40.970899+05:30,70.7,,14926350
2025-09-04 12:18:41.224656+05:30,71.0,,14926350
2025-09-04 12:18:41.479468+05:30,71.0,,14926350
2025-09-04 12:18:41.974774+05:30,70.95,,14926350
2025-09-04 12:18:42.367132+05:30,71.0,,14926350
2025-09-04 12:18:42.968113+05:30,71.15,,14926350
2025-09-04 12:18:43.483200+05:30,70.95,,14926350
2025-09-04 12:18:43.986833+05:30,71.05,,14926350
2025-09-04 12:18:44.510587+05:30,71.05,,14926350
2025-09-04 12:18:45.034154+05:30,70.95,,14926350
2025-09-04 12:18:45.519985+05:30,71.15,,14926350
2025-09-04 12:18:45.997750+05:30,71.25,,14926350
2025-09-04 12:18:46.491160+05:30,71.1,,14926350
2025-09-04 12:18:46.951178+05:30,70.85,,14926350
2025-09-04 12:18:47.550876+05:30,70.85,,14926350
2025-09-04 12:18:47.996409+05:30,70.6,,14926350
2025-09-04 12:18:48.483092+05:30,70.65,,14926350
2025-09-04 12:18:48.991505+05:30,70.8,,14926350
2025-09-04 12:18:49.500724+05:30,70.85,,14926350
2025-09-04 12:18:49.972931+05:30,70.75,,14926350
2025-09-04 12:18:50.481992+05:30,70.6,,14926350
2025-09-04 12:18:50.992796+05:30,70.65,,14926350
2025-09-04 12:18:51.480593+05:30,70.5,,14926350
2025-09-04 12:18:51.991734+05:30,70.5,,14926350
2025-09-04 12:18:52.202314+05:30,70.5,,14926350
2025-09-04 12:18:52.463195+05:30,70.75,,14926350
2025-09-04 12:18:52.981017+05:30,70.65,,14926350
2025-09-04 12:18:53.496660+05:30,70.6,,14926350
2025-09-04 12:18:53.973151+05:30,70.1,,14926350
2025-09-04 12:18:54.493254+05:30,70.15,,14926350
2025-09-04 12:18:55.002760+05:30,70.15,,14926350
2025-09-04 12:18:55.478405+05:30,70.0,,14926350
2025-09-04 12:18:55.969486+05:30,70.15,,14991750
2025-09-04 12:18:56.217038+05:30,70.35,,14991750
2025-09-04 12:18:56.478155+05:30,70.35,,14991750
2025-09-04 12:18:56.964424+05:30,70.25,,14991750
2025-09-04 12:18:57.265610+05:30,70.1,,14991750
2025-09-04 12:18:57.492810+05:30,70.0,,14991750
2025-09-04 12:18:57.980708+05:30,69.7,,14991750
2025-09-04 12:18:58.460192+05:30,68.8,,14991750
2025-09-04 12:18:58.957713+05:30,68.75,,14991750
2025-09-04 12:18:59.455953+05:30,69.0,,14991750
2025-09-04 12:18:59.955839+05:30,68.55,,14991750
2025-09-04 12:19:00.519754+05:30,68.8,,14991750
2025-09-04 12:19:00.738251+05:30,68.85,,14991750
2025-09-04 12:19:00.961016+05:30,68.85,,14991750
2025-09-04 12:19:01.206087+05:30,68.8,,14991750
2025-09-04 12:19:01.473507+05:30,69.4,,14991750
2025-09-04 12:19:01.983643+05:30,69.45,,14991750
2025-09-04 12:19:02.226589+05:30,69.45,,14991750
2025-09-04 12:19:02.463657+05:30,69.45,,14991750
2025-09-04 12:19:02.955294+05:30,69.25,,14991750
2025-09-04 12:19:03.454945+05:30,69.35,,14991750
2025-09-04 12:19:03.978331+05:30,69.35,,14991750
2025-09-04 12:19:04.482213+05:30,69.7,,14991750
2025-09-04 12:19:05.006767+05:30,69.6,,14991750
2025-09-04 12:19:05.463928+05:30,69.6,,14991750
2025-09-04 12:19:05.972685+05:30,69.65,,14991750
2025-09-04 12:19:06.220772+05:30,69.8,,14991750
2025-09-04 12:19:06.477708+05:30,69.85,,14991750
2025-09-04 12:33:57.382757+05:30,70.05,,15936675
2025-09-04 12:33:57.705773+05:30,70.0,,15936675
2025-09-04 12:33:57.877665+05:30,70.15,,15936675
2025-09-04 12:33:58.132275+05:30,70.0,,15936675
2025-09-04 12:33:58.639617+05:30,70.35,,15810975
2025-09-04 12:33:59.154603+05:30,70.5,,15810975
2025-09-04 12:33:59.437020+05:30,70.85,,15810975
2025-09-04 12:33:59.750441+05:30,70.7,,15810975
2025-09-04 12:33:59.906491+05:30,70.85,,15810975
2025-09-04 12:34:00.127141+05:30,70.7,,15810975
2025-09-04 12:34:00.673183+05:30,70.65,,15810975
2025-09-04 12:34:01.183274+05:30,70.6,,15810975
2025-09-04 12:34:01.374655+05:30,70.85,,15810975
2025-09-04 12:34:02.126260+05:30,70.75,,15810975
2025-09-04 12:34:02.653024+05:30,70.7,,15810975
2025-09-04 12:34:02.894369+05:30,70.75,,15810975
2025-09-04 12:34:03.122346+05:30,70.85,,15810975
2025-09-04 12:34:03.627139+05:30,71.0,,15810975
2025-09-04 12:34:04.204856+05:30,70.95,,15810975
2025-09-04 12:34:04.497646+05:30,71.0,,15810975
2025-09-04 12:34:04.667495+05:30,70.9,,15810975
2025-09-04 12:34:04.941792+05:30,71.05,,15810975
2025-09-04 12:34:05.128804+05:30,71.45,,15810975
2025-09-04 12:34:05.659748+05:30,71.5,,15810975
2025-09-04 12:34:06.156430+05:30,71.65,,15810975
2025-09-04 12:34:06.435113+05:30,71.55,,15810975
2025-09-04 12:34:06.652023+05:30,71.75,,15810975
2025-09-04 12:34:07.160351+05:30,71.9,,15810975
2025-09-04 12:34:07.631204+05:30,71.8,,15810975
2025-09-04 12:34:07.935933+05:30,71.8,,15810975
2025-09-04 12:34:08.176816+05:30,71.75,,15810975
2025-09-04 12:34:08.685927+05:30,71.6,,15810975
2025-09-04 12:34:09.155327+05:30,71.55,,15810975
2025-09-04 12:34:09.656184+05:30,70.8,,15810975
2025-09-04 12:34:10.155151+05:30,70.8,,15810975
2025-09-04 12:34:10.659444+05:30,70.7,,15810975
2025-09-04 12:34:11.174367+05:30,70.85,,15810975
2025-09-04 12:34:11.430411+05:30,70.75,,15810975
2025-09-04 12:34:12.251626+05:30,70.85,,15810975
2025-09-04 12:34:12.681842+05:30,70.7,,15810975
2025-09-04 12:34:13.223967+05:30,70.75,,15810975
2025-09-04 12:34:13.381129+05:30,70.95,,15810975
2025-09-04 12:34:13.731807+05:30,70.85,,15810975
2025-09-04 12:34:14.126934+05:30,70.85,,15810975
2025-09-04 12:34:14.653208+05:30,70.7,,15810975
2025-09-04 12:34:14.950269+05:30,70.8,,15810975
2025-09-04 12:34:15.184666+05:30,70.65,,15810975
2025-09-04 12:34:15.676805+05:30,70.35,,15810975
2025-09-04 12:34:16.180486+05:30,70.55,,15810975
2025-09-04 12:34:16.376738+05:30,70.2,,15810975
2025-09-04 12:34:17.131050+05:30,70.15,,15810975
2025-09-04 12:34:17.700503+05:30,70.15,,15810975
2025-09-04 12:34:17.936711+05:30,70.2,,15810975
2025-09-04 12:34:18.216779+05:30,69.95,,15810975
2025-09-04 12:34:18.632003+05:30,70.2,,15810975
2025-09-04 12:34:19.186282+05:30,70.25,,15810975
2025-09-04 12:34:19.627081+05:30,70.25,,15810975
2025-09-04 12:34:20.129387+05:30,70.45,,15810975
2025-09-04 12:34:20.678732+05:30,70.45,,15810975
2025-09-04 12:34:21.157149+05:30,70.5,,15810975
2025-09-04 12:34:21.463192+05:30,70.5,,15810975
2025-09-04 12:34:22.169620+05:30,70.05,,15810975
2025-09-04 12:34:22.651658+05:30,70.2,,15810975
2025-09-04 12:34:22.922907+05:30,70.3,,15810975
2025-09-04 12:34:23.229107+05:30,70.05,,15810975
2025-09-04 12:34:23.439392+05:30,70.05,,15810975
2025-09-04 12:34:23.649811+05:30,70.0,,15810975
2025-09-04 12:34:24.165899+05:30,70.35,,15810975
2025-09-04 12:34:24.416398+05:30,70.45,,15810975
2025-09-04 12:34:24.718098+05:30,70.35,,15810975
2025-09-04 12:34:24.964550+05:30,70.55,,15810975
2025-09-04 12:34:25.148731+05:30,70.35,,15810975
2025-09-04 12:34:25.676126+05:30,70.2,,15810975
2025-09-04 12:34:26.126928+05:30,70.15,,15810975
2025-09-04 12:34:26.381082+05:30,69.9,,15810975
2025-09-04 12:34:26.713441+05:30,69.65,,15810975
2025-09-04 12:34:27.187161+05:30,69.65,,15810975
2025-09-04 12:34:27.633899+05:30,69.6,,15810975
2025-09-04 12:34:27.882068+05:30,69.6,,15810975
2025-09-04 12:34:28.153686+05:30,69.75,,15810975
2025-09-04 12:34:28.440902+05:30,69.75,,15810975
2025-09-04 12:34:28.634666+05:30,69.6,,15810975
2025-09-04 12:34:29.198938+05:30,69.75,,15810975
2025-09-04 12:34:29.636773+05:30,69.95,,15810975
2025-09-04 12:34:29.946579+05:30,69.95,,15810975
2025-09-04 12:34:30.200884+05:30,70.1,,15810975
2025-09-04 12:34:30.404854+05:30,70.5,,15810975
2025-09-04 12:34:31.143875+05:30,70.25,,15810975
2025-09-04 12:34:31.399252+05:30,70.1,,15810975
2025-09-04 12:34:31.650403+05:30,70.15,,15810975
2025-09-04 12:34:32.122093+05:30,70.0,,15810975
2025-09-04 12:34:32.690833+05:30,69.65,,15810975
2025-09-04 12:34:32.930562+05:30,69.9,,15810975
2025-09-04 12:34:33.182160+05:30,69.7,,15810975
2025-09-04 12:34:33.653957+05:30,69.8,,15810975
2025-09-04 12:34:34.144757+05:30,69.7,,15810975
2025-09-04 12:34:34.398710+05:30,69.65,,15810975
2025-09-04 12:34:34.932206+05:30,69.5,,15810975
2025-09-04 12:34:35.180915+05:30,69.6,,15810975
2025-09-04 12:34:35.623116+05:30,69.6,,15810975
2025-09-04 12:34:36.140815+05:30,69.6,,15810975
2025-09-04 12:34:36.398850+05:30,69.4,,15810975
2025-09-04 12:34:37.188875+05:30,69.5,,15810975
2025-09-04 12:34:37.666066+05:30,69.45,,15810975
2025-09-04 12:34:37.950979+05:30,69.6,,15810975
2025-09-04 12:34:38.203561+05:30,69.55,,15810975
2025-09-04 12:34:38.648667+05:30,69.45,,15810975
2025-09-04 12:34:39.128205+05:30,69.1,,15810975
2025-09-04 12:34:39.395629+05:30,69.25,,15810975
2025-09-04 12:34:39.917405+05:30,69.3,,15810975
2025-09-04 12:34:40.123265+05:30,69.0,,15810975
2025-09-04 12:34:40.637193+05:30,68.85,,15810975
2025-09-04 12:34:41.121383+05:30,68.6,,15810975
2025-09-04 12:34:41.382636+05:30,68.6,,15810975
2025-09-04 12:34:42.176063+05:30,68.65,,15810975
2025-09-04 12:34:42.655828+05:30,68.55,,15810975
2025-09-04 12:34:42.910415+05:30,68.65,,15810975
2025-09-04 12:34:43.121568+05:30,68.95,,15810975
2025-09-04 12:34:43.423216+05:30,68.95,,15810975
2025-09-04 12:34:43.665297+05:30,69.05,,15810975
2025-09-04 12:34:44.193415+05:30,68.8,,15810975
2025-09-04 12:34:44.465771+05:30,68.9,,15810975
2025-09-04 12:34:44.631083+05:30,68.9,,15810975
2025-09-04 12:34:44.873743+05:30,68.9,,15810975
2025-09-04 12:34:45.131637+05:30,68.8,,15810975
2025-09-04 12:34:45.704766+05:30,68.9,,15810975
2025-09-04 12:34:46.122531+05:30,68.7,,15810975
2025-09-04 12:34:46.393969+05:30,68.9,,15810975
2025-09-04 12:34:46.685309+05:30,68.95,,15810975
2025-09-04 12:34:47.176877+05:30,68.85,,15810975
2025-09-04 12:34:47.670788+05:30,68.85,,15810975
2025-09-04 12:34:47.910720+05:30,68.7,,15810975
2025-09-04 12:34:48.148317+05:30,68.7,,15810975
2025-09-04 12:34:48.470810+05:30,68.7,,15810975
2025-09-04 12:34:48.684139+05:30,68.55,,15810975
2025-09-04 12:34:49.199326+05:30,68.4,,15810975
2025-09-04 12:34:49.695379+05:30,68.7,,15810975
2025-09-04 12:34:49.938768+05:30,68.55,,15810975
2025-09-04 12:34:50.132170+05:30,68.6,,15810975
2025-09-04 12:34:50.621632+05:30,68.55,,15810975
2025-09-04 12:34:51.142929+05:30,68.3,,15810975
2025-09-04 12:34:51.421453+05:30,68.15,,15810975
2025-09-04 12:34:52.127201+05:30,68.2,,15810975
2025-09-04 12:34:52.626209+05:30,68.25,,15810975
2025-09-04 12:34:53.227486+05:30,68.35,,15810975
2025-09-04 12:34:53.626209+05:30,68.4,,15810975
2025-09-04 12:34:54.123137+05:30,68.2,,15810975
2025-09-04 12:34:54.672986+05:30,68.45,,15810975
2025-09-04 12:34:54.951575+05:30,68.45,,15810975
2025-09-04 12:34:55.121222+05:30,68.45,,15810975
2025-09-04 12:34:55.661810+05:30,68.55,,15810975
2025-09-04 12:34:56.128196+05:30,68.45,,15810975
2025-09-04 12:34:56.484038+05:30,68.3,,15810975
2025-09-04 12:34:56.648539+05:30,68.35,,15810975
2025-09-04 12:34:57.176083+05:30,68.2,,15810975
2025-09-04 12:34:57.661283+05:30,68.25,,15810975
2025-09-04 12:34:58.261645+05:30,68.35,,15810975
2025-09-04 12:34:58.723399+05:30,68.15,,15810975
2025-09-04 12:34:59.129943+05:30,68.15,,15810975
2025-09-04 12:34:59.655181+05:30,68.2,,15810975
2025-09-04 12:34:59.896013+05:30,68.1,,15810975
2025-09-04 12:35:00.123063+05:30,68.3,,15810975
2025-09-04 12:35:00.680383+05:30,68.0,,15810975
2025-09-04 12:35:01.127209+05:30,67.9,,15810975
2025-09-04 12:35:01.659240+05:30,67.85,,15810975
2025-09-04 12:35:02.126876+05:30,67.8,,15810975
2025-09-04 12:35:02.712573+05:30,68.15,,15810975
2025-09-04 12:35:03.245426+05:30,68.05,,15810975
2025-09-04 12:35:03.698380+05:30,68.2,,15810975
2025-09-04 12:35:04.155082+05:30,68.15,,15810975
2025-09-04 12:35:04.626476+05:30,68.0,,15810975
2025-09-04 12:35:04.924510+05:30,67.55,,15810975
2025-09-04 12:35:05.126003+05:30,67.5,,15810975
2025-09-04 12:35:05.647991+05:30,67.4,,15810975
2025-09-04 12:35:06.161384+05:30,67.05,,15810975
2025-09-04 12:35:06.432228+05:30,67.2,,15810975
2025-09-04 12:35:06.629044+05:30,67.35,,15810975
2025-09-04 12:35:07.217039+05:30,67.3,,15810975
2025-09-04 12:35:07.633917+05:30,67.55,,15810975
2025-09-04 12:35:08.138432+05:30,67.65,,15810975
2025-09-04 12:35:08.688167+05:30,67.8,,15810975
2025-09-04 12:35:09.180879+05:30,68.05,,15810975
2025-09-04 12:35:09.655465+05:30,68.2,,15810975
2025-09-04 12:35:09.883728+05:30,68.15,,15810975
2025-09-04 12:35:10.147639+05:30,68.0,,15810975
2025-09-04 12:35:10.626518+05:30,68.1,,15810975
2025-09-04 12:35:11.142032+05:30,67.9,,15810975
2025-09-04 12:35:11.425089+05:30,67.8,,15810975
2025-09-04 12:35:11.621248+05:30,67.65,,15810975
2025-09-04 12:35:12.212212+05:30,67.6,,15810975
2025-09-04 12:35:12.631694+05:30,67.75,,15810975
2025-09-04 12:35:13.172967+05:30,67.65,,15810975
2025-09-04 12:35:13.660010+05:30,67.7,,15810975
2025-09-04 12:35:14.129466+05:30,67.75,,15810975
2025-09-04 12:35:14.659917+05:30,67.7,,15810975
2025-09-04 12:35:14.960448+05:30,67.9,,15810975
2025-09-04 12:35:15.166865+05:30,67.8,,15810975
2025-09-04 12:35:15.630784+05:30,67.8,,15810975
2025-09-04 12:35:16.159622+05:30,68.0,,15810975
2025-09-04 12:35:16.460024+05:30,67.85,,15810975
2025-09-04 12:35:16.644715+05:30,68.0,,15810975
2025-09-04 12:35:17.212613+05:30,68.65,,15810975
2025-09-04 12:35:17.626079+05:30,68.3,,15810975
2025-09-04 12:35:18.138389+05:30,68.45,,15810975
2025-09-04 12:35:18.695974+05:30,68.35,,15810975
2025-09-04 12:35:19.160296+05:30,68.2,,15810975
2025-09-04 12:35:19.665081+05:30,68.2,,15810975
2025-09-04 12:35:19.884259+05:30,68.15,,15810975
2025-09-04 12:35:20.197980+05:30,68.3,,15810975
2025-09-04 12:35:20.660689+05:30,68.1,,15810975
2025-09-04 12:35:21.170141+05:30,68.1,,15810975
2025-09-04 12:35:21.473470+05:30,68.2,,15810975
2025-09-04 12:35:21.682222+05:30,68.25,,15810975
2025-09-04 12:35:22.156440+05:30,68.3,,15810975
2025-09-04 12:35:22.640030+05:30,68.25,,15810975
2025-09-04 12:35:23.192307+05:30,68.15,,15810975
2025-09-04 12:35:23.655223+05:30,68.3,,15810975
2025-09-04 12:35:24.137968+05:30,68.3,,15810975
2025-09-04 12:35:24.659009+05:30,68.3,,15810975
2025-09-04 12:35:24.949048+05:30,68.3,,15810975
2025-09-04 12:35:25.120996+05:30,68.2,,15810975
2025-09-04 12:35:25.696786+05:30,68.15,,15810975
2025-09-04 12:35:26.121286+05:30,68.45,,15810975
2025-09-04 12:35:26.671814+05:30,68.45,,15810975
2025-09-04 12:35:27.176937+05:30,68.3,,15810975
2025-09-04 12:35:27.691624+05:30,68.45,,15810975
2025-09-04 13:44:22.171366+05:30,65.45,,15007950
2025-09-04 13:44:22.429503+05:30,65.6,,15007950
2025-09-04 13:44:23.177814+05:30,65.4,,15007950
2025-09-04 13:44:23.409772+05:30,65.25,,15007950
2025-09-04 13:44:24.213364+05:30,65.5,,15007950
2025-09-04 13:44:24.428843+05:30,65.55,,15007950
2025-09-04 13:44:25.219151+05:30,65.35,,15007950
2025-09-04 13:44:26.245221+05:30,65.8,,15007950
2025-09-04 13:44:26.975100+05:30,65.95,,15007950
2025-09-04 13:44:27.191597+05:30,66.0,,15007950
2025-09-04 13:44:27.471721+05:30,66.1,,15007950
2025-09-04 13:44:28.191008+05:30,66.4,,15007950
2025-09-04 13:44:28.492082+05:30,66.4,,15007950
2025-09-04 13:44:29.248711+05:30,66.4,,15007950
2025-09-04 13:44:30.194333+05:30,66.1,,15007950
2025-09-04 13:44:30.408409+05:30,66.2,,15007950
2025-09-04 13:44:30.676430+05:30,66.2,,15007950
2025-09-04 13:44:31.158353+05:30,66.2,,15007950
2025-09-04 13:44:31.408530+05:30,66.15,,15007950
2025-09-04 13:44:31.963430+05:30,66.5,,15007950
2025-09-04 13:44:32.163597+05:30,66.45,,15007950
2025-09-04 13:44:33.158629+05:30,66.35,,15007950
2025-09-04 13:44:33.486227+05:30,66.35,,15007950
2025-09-04 13:44:34.186884+05:30,66.35,,15007950
2025-09-04 13:44:34.479482+05:30,66.3,,15007950
2025-09-04 13:44:35.192184+05:30,66.55,,15007950
2025-09-04 13:44:35.415736+05:30,66.4,,15007950
2025-09-04 13:44:36.203023+05:30,66.45,,15007950
2025-09-04 13:44:36.425010+05:30,66.4,,15007950
2025-09-04 13:44:36.908262+05:30,66.15,,15007950
2025-09-04 13:44:37.483525+05:30,66.15,,15007950
2025-09-04 13:44:38.196823+05:30,66.3,,15007950
2025-09-04 13:44:38.536074+05:30,66.3,,15007950
2025-09-04 13:44:39.192136+05:30,66.2,,15007950
2025-09-04 13:44:40.288613+05:30,66.4,,15007950
2025-09-04 13:44:41.206537+05:30,66.25,,15007950
2025-09-04 13:44:41.441986+05:30,66.4,,15007950
2025-09-04 13:44:41.913066+05:30,66.4,,15007950
2025-09-04 13:44:42.437392+05:30,66.05,,15007950
2025-09-04 13:44:43.181562+05:30,66.6,,15007950
2025-09-04 13:44:43.435296+05:30,67.0,,15007950
2025-09-04 13:44:43.700581+05:30,66.9,,15007950
2025-09-04 13:44:44.196189+05:30,67.0,,15007950
2025-09-04 13:44:44.449657+05:30,67.05,,15007950
2025-09-04 13:44:45.177707+05:30,67.1,,15007950
2025-09-04 13:44:45.470166+05:30,66.95,,15007950
2025-09-04 13:44:46.200167+05:30,67.15,,15007950
2025-09-04 13:44:46.458956+05:30,67.3,,15007950
2025-09-04 13:44:46.677587+05:30,67.1,,15007950
2025-09-04 13:44:46.908734+05:30,67.2,,15007950
2025-09-04 13:44:47.192789+05:30,67.2,,15007950
2025-09-04 13:44:47.437489+05:30,67.25,,15007950
2025-09-04 13:44:48.197426+05:30,67.35,,15007950
2025-09-04 13:44:48.437263+05:30,67.35,,15007950
2025-09-04 13:44:49.232887+05:30,67.4,,15007950
2025-09-04 13:44:49.432494+05:30,67.25,,15007950
2025-09-04 13:44:50.220203+05:30,67.2,,15007950
2025-09-04 13:44:51.255711+05:30,67.0,,15007950
2025-09-04 13:44:51.514833+05:30,66.9,,15007950
2025-09-04 13:44:51.654817+05:30,66.75,,15007950
2025-09-04 13:44:51.995331+05:30,66.85,,15007950
2025-09-04 13:44:52.180250+05:30,67.0,,15007950
2025-09-04 13:44:53.188817+05:30,67.5,,15007950
2025-09-04 13:44:53.461754+05:30,67.4,,15007950
2025-09-04 13:44:54.213295+05:30,67.45,,15007950
2025-09-04 13:44:54.908074+05:30,67.2,,15007950
2025-09-04 13:44:55.177739+05:30,67.2,,15007950
2025-09-04 13:44:55.432879+05:30,67.1,,15007950
2025-09-04 13:44:56.179012+05:30,67.15,,15007950
2025-09-04 13:44:56.710325+05:30,66.85,,15007950
2025-09-04 13:44:56.907958+05:30,66.8,,15007950
2025-09-04 13:44:57.252602+05:30,66.8,,15007950
2025-09-04 13:44:58.250906+05:30,66.8,,15007950
2025-09-04 13:44:58.452192+05:30,66.8,,15007950
2025-09-04 13:44:59.217505+05:30,66.8,,15007950
2025-09-04 13:44:59.436785+05:30,66.8,,15007950
2025-09-04 13:44:59.907943+05:30,66.85,,15007950
2025-09-04 13:45:00.281955+05:30,66.65,,15007950
2025-09-04 13:45:00.409666+05:30,66.85,,15007950
2025-09-04 13:45:00.696066+05:30,66.85,,15007950
2025-09-04 13:45:01.160299+05:30,66.8,,15007950
2025-09-04 13:45:01.408104+05:30,66.5,,15007950
2025-09-04 13:45:01.688442+05:30,66.55,,15007950
2025-09-04 13:45:01.908437+05:30,66.6,,15007950
2025-09-04 13:45:02.188197+05:30,66.6,,15007950
2025-09-04 13:45:03.192080+05:30,66.6,,15007950
2025-09-04 13:45:03.426711+05:30,66.7,,15007950
2025-09-04 13:45:04.153968+05:30,67.15,,15007950
2025-09-04 13:45:04.431192+05:30,66.75,,15007950
2025-09-04 13:45:04.921312+05:30,66.7,,15007950
2025-09-04 13:45:05.181634+05:30,66.8,,15007950
2025-09-04 13:45:05.908390+05:30,66.65,,15007950
2025-09-04 13:45:06.431359+05:30,66.3,,15007950
2025-09-04 13:45:06.678022+05:30,66.55,,15007950
2025-09-04 13:45:06.908132+05:30,66.5,,15007950
2025-09-04 13:45:07.195849+05:30,66.4,,15007950
2025-09-04 13:45:08.208157+05:30,66.7,,15007950
2025-09-04 13:45:08.455017+05:30,66.65,,15007950
2025-09-04 13:45:09.179687+05:30,66.5,,15007950
2025-09-04 13:45:09.921879+05:30,66.45,,15007950
2025-09-04 13:45:10.223727+05:30,66.45,,15007950
2025-09-04 13:45:10.449008+05:30,66.5,,15007950
2025-09-04 13:45:11.245498+05:30,66.3,,15007950
2025-09-04 13:45:11.422315+05:30,66.45,,15007950
2025-09-04 13:45:11.653439+05:30,66.55,,15007950
2025-09-04 13:45:12.193501+05:30,66.4,,15007950
2025-09-04 13:45:13.159227+05:30,67.05,,15007950
2025-09-04 13:45:13.492954+05:30,67.0,,15007950
2025-09-04 13:45:14.159443+05:30,66.95,,15007950
2025-09-04 13:45:14.404008+05:30,66.9,,15007950
2025-09-04 13:45:14.935466+05:30,66.85,,15007950
2025-09-04 13:45:15.167961+05:30,67.0,,15007950
2025-09-04 13:45:16.159968+05:30,67.3,,15007950
2025-09-04 13:45:16.684990+05:30,67.0,,15007950
2025-09-04 13:45:17.163899+05:30,67.15,,15007950
2025-09-04 13:45:17.486916+05:30,67.3,,15007950
2025-09-04 13:45:18.175967+05:30,67.35,,15007950
2025-09-04 13:45:18.516789+05:30,67.35,,15007950
2025-09-04 13:45:19.243321+05:30,67.5,,15007950
2025-09-04 13:45:19.412086+05:30,67.35,,15007950
2025-09-04 13:45:19.907834+05:30,67.75,,15007950
2025-09-04 13:45:20.212766+05:30,67.6,,15007950
2025-09-04 13:45:20.409100+05:30,67.6,,15007950
2025-09-04 13:45:21.215783+05:30,67.6,,15007950
2025-09-04 13:45:21.408987+05:30,67.55,,15007950
2025-09-04 13:45:21.653105+05:30,67.2,,15007950
2025-09-04 13:45:22.158980+05:30,67.35,,15007950
2025-09-04 13:45:22.478609+05:30,67.75,,15007950
2025-09-04 13:45:23.208479+05:30,68.05,,15007950
2025-09-04 13:45:23.515388+05:30,68.2,,15007950
2025-09-04 13:45:24.255801+05:30,68.4,,15007950
2025-09-04 13:45:24.414905+05:30,68.3,,15007950
2025-09-04 13:45:24.905001+05:30,68.25,,15007950
2025-09-04 13:45:25.194011+05:30,68.25,,15007950
2025-09-04 13:45:25.408418+05:30,68.45,,15007950
2025-09-04 13:45:26.243354+05:30,68.55,,15007950
2025-09-04 13:45:26.447058+05:30,68.5,,15007950
2025-09-04 13:45:26.653050+05:30,68.35,,15007950
2025-09-04 13:45:27.159050+05:30,68.35,,15007950
2025-09-04 13:45:27.491554+05:30,68.3,,15007950
2025-09-04 13:45:28.252499+05:30,68.05,,15007950
2025-09-04 13:45:28.542979+05:30,68.2,,15007950
2025-09-04 13:45:29.187611+05:30,68.0,,15007950
2025-09-04 13:45:29.467711+05:30,68.1,,15007950
2025-09-04 13:45:29.907523+05:30,67.85,,15007950
2025-09-04 13:45:30.160742+05:30,68.1,,15007950
2025-09-04 13:45:30.493548+05:30,68.0,,15007950
2025-09-04 13:45:30.690597+05:30,68.0,,15007950
2025-09-04 13:45:31.198378+05:30,68.0,,15007950
2025-09-04 13:45:31.436965+05:30,68.0,,15007950
2025-09-04 13:45:31.658821+05:30,68.05,,15007950
2025-09-04 13:45:32.159785+05:30,67.4,,15007950
2025-09-04 13:45:33.200959+05:30,67.25,,15007950
2025-09-04 13:45:33.470566+05:30,67.0,,15007950
2025-09-04 13:45:34.180646+05:30,67.1,,15007950
2025-09-04 13:45:34.902937+05:30,67.25,,15007950
2025-09-04 13:45:35.208818+05:30,67.2,,15007950
2025-09-04 13:45:36.204291+05:30,67.1,,15007950
2025-09-04 13:45:36.657716+05:30,67.3,,15007950
2025-09-04 13:45:37.159030+05:30,67.3,,15007950
2025-09-04 13:45:37.457057+05:30,67.3,,15007950
2025-09-04 13:45:38.175565+05:30,66.8,,15007950
2025-09-04 13:45:38.446576+05:30,67.0,,15007950
2025-09-04 13:45:39.158939+05:30,66.85,,15007950
2025-09-04 13:45:39.907376+05:30,66.8,,15007950
2025-09-04 13:45:40.152983+05:30,66.8,,15007950
2025-09-04 13:45:41.188737+05:30,67.0,,15007950
2025-09-04 13:45:41.486295+05:30,67.15,,15007950
2025-09-04 13:45:41.658795+05:30,67.05,,15007950
2025-09-04 13:45:42.159413+05:30,67.05,,15007950
2025-09-04 13:45:42.456087+05:30,67.05,,15007950
2025-09-04 13:45:43.159379+05:30,66.8,,15007950
2025-09-04 13:45:43.430627+05:30,66.85,,15007950
2025-09-04 13:45:44.170168+05:30,67.2,,15007950
2025-09-04 13:45:44.408690+05:30,67.05,,15007950
2025-09-04 13:45:44.907401+05:30,66.9,,15007950
2025-09-04 13:45:45.173960+05:30,67.05,,15007950
2025-09-04 13:45:45.501404+05:30,67.35,,15007950
2025-09-04 13:45:46.216036+05:30,67.35,,15007950
2025-09-04 13:45:46.456247+05:30,67.45,,15007950
2025-09-04 13:45:46.657379+05:30,67.65,,15007950
2025-09-04 13:45:47.243433+05:30,67.45,,15007950
2025-09-04 13:45:47.497434+05:30,67.45,,15007950
2025-09-04 13:45:48.165957+05:30,67.65,,15007950
2025-09-04 13:45:48.433163+05:30,67.6,,15007950
2025-09-04 13:45:49.180692+05:30,67.55,,15007950
2025-09-04 13:45:49.428247+05:30,67.4,,15007950
2025-09-04 13:45:49.907375+05:30,67.35,,15007950
2025-09-04 13:45:50.219884+05:30,67.5,,15007950
2025-09-04 13:45:50.418958+05:30,67.5,,15007950
2025-09-04 13:45:51.207841+05:30,67.75,,15007950
2025-09-04 13:45:51.449588+05:30,67.95,,15007950
2025-09-04 13:45:51.667590+05:30,67.85,,15007950
2025-09-04 13:45:51.977156+05:30,68.0,,15007950
2025-09-04 13:45:52.509931+05:30,68.0,,15007950
2025-09-04 13:45:53.207325+05:30,67.9,,15007950
2025-09-04 13:45:53.466081+05:30,67.8,,15007950
2025-09-04 13:45:53.657734+05:30,67.9,,15007950
2025-09-04 13:45:54.180329+05:30,67.9,,15007950
2025-09-04 13:45:54.445902+05:30,67.85,,15007950
2025-09-04 13:45:54.907550+05:30,67.85,,15007950
2025-09-04 13:45:55.159939+05:30,67.9,,15007950
2025-09-04 13:45:56.158881+05:30,68.0,,15007950
2025-09-04 13:45:56.452741+05:30,67.95,,15007950
2025-09-04 13:45:56.657283+05:30,67.85,,15007950
2025-09-04 13:45:56.902784+05:30,67.65,,15007950
2025-09-04 13:45:57.453402+05:30,68.1,,15007950
2025-09-04 13:45:58.201135+05:30,67.95,,15007950
2025-09-04 13:45:58.454492+05:30,67.85,,15007950
2025-09-04 13:45:59.158865+05:30,67.9,,15007950
2025-09-04 13:45:59.465349+05:30,67.75,,15007950
2025-09-04 13:45:59.907309+05:30,67.5,,15007950
2025-09-04 13:46:00.158780+05:30,67.55,,15007950
2025-09-04 13:46:00.487030+05:30,67.5,,15007950
2025-09-04 13:46:00.680782+05:30,67.5,,15007950
2025-09-04 13:46:01.223784+05:30,67.45,,15007950
2025-09-04 13:46:01.453491+05:30,67.55,,15007950
2025-09-04 13:46:01.657397+05:30,67.6,,15007950
2025-09-04 13:46:01.907257+05:30,67.6,,15007950
2025-09-04 13:46:02.171785+05:30,67.45,,15007950
2025-09-04 13:46:02.437774+05:30,67.45,,15007950
2025-09-04 13:46:03.159107+05:30,67.3,,15007950
2025-09-04 13:46:03.437845+05:30,67.25,,15007950
2025-09-04 13:46:04.171596+05:30,67.25,,15007950
2025-09-04 13:46:04.431920+05:30,67.15,,15007950
2025-09-04 13:46:04.908150+05:30,67.05,,15007950
2025-09-04 13:46:05.158785+05:30,67.15,,15007950
2025-09-04 13:46:06.152721+05:30,67.15,,15007950
2025-09-04 13:46:06.446993+05:30,67.05,,15007950
2025-09-04 13:46:06.677788+05:30,67.05,,15007950
2025-09-04 13:46:07.225626+05:30,67.05,,15007950
2025-09-04 13:46:07.470631+05:30,67.05,,15007950
2025-09-04 13:46:08.197202+05:30,67.05,,15007950
2025-09-04 13:46:08.409530+05:30,67.05,,15007950
2025-09-04 13:46:09.168572+05:30,67.2,,15007950
2025-09-04 13:46:09.503043+05:30,67.4,,15007950
2025-09-04 13:46:09.903897+05:30,67.4,,15007950
2025-09-04 13:46:10.158683+05:30,67.55,,14954025
2025-09-04 13:46:10.447854+05:30,67.4,,14954025
2025-09-04 13:46:11.158816+05:30,67.5,,14954025
2025-09-04 13:46:11.416711+05:30,67.25,,14954025
2025-09-04 13:46:11.733137+05:30,67.4,,14954025
2025-09-04 13:46:11.928772+05:30,67.55,,14954025
2025-09-04 13:46:12.449793+05:30,67.55,,14954025
2025-09-04 13:46:13.158427+05:30,67.35,,14954025
2025-09-04 13:46:13.411958+05:30,66.75,,14954025
2025-09-04 13:46:14.234926+05:30,66.85,,14954025
2025-09-04 13:46:14.435893+05:30,67.0,,14954025
2025-09-04 13:46:14.907890+05:30,66.95,,14954025
2025-09-04 13:46:15.179005+05:30,67.0,,14954025
2025-09-04 13:46:16.175050+05:30,67.05,,14954025
2025-09-04 13:46:16.446609+05:30,67.2,,14954025
2025-09-04 13:46:16.697362+05:30,66.85,,14954025
2025-09-04 13:46:17.231830+05:30,66.45,,14954025
2025-09-04 13:46:17.451913+05:30,66.8,,14954025
2025-09-04 13:46:18.180356+05:30,66.3,,14954025
2025-09-04 13:46:18.437720+05:30,66.35,,14954025
2025-09-04 13:46:19.225737+05:30,66.5,,14954025
2025-09-04 13:46:19.684726+05:30,66.65,,14954025
2025-09-04 13:46:19.907744+05:30,66.5,,14954025
2025-09-04 13:46:20.437380+05:30,66.4,,14954025
2025-09-04 13:46:21.158233+05:30,66.4,,14954025
2025-09-04 13:46:21.440576+05:30,66.4,,14954025
2025-09-04 13:46:21.658359+05:30,66.35,,14954025
2025-09-04 13:46:21.936073+05:30,66.4,,14954025
2025-09-04 13:46:22.452653+05:30,66.4,,14954025
2025-09-04 13:46:23.185935+05:30,66.35,,14954025
2025-09-04 13:46:23.445094+05:30,66.5,,14954025
2025-09-04 13:46:24.180225+05:30,66.65,,14954025
2025-09-04 13:46:24.440939+05:30,66.55,,14954025
2025-09-04 13:46:24.902910+05:30,66.55,,14954025
2025-09-04 13:46:25.157100+05:30,66.55,,14954025
2025-09-04 13:46:25.451896+05:30,66.65,,14954025
2025-09-04 13:46:26.218711+05:30,66.5,,14954025
2025-09-04 13:46:26.428622+05:30,66.65,,14954025
2025-09-04 13:46:26.651978+05:30,66.55,,14954025
2025-09-04 13:46:27.163738+05:30,66.7,,14954025
2025-09-04 13:46:27.408373+05:30,66.75,,14954025
2025-09-04 13:46:28.257714+05:30,67.25,,14954025
2025-09-04 13:46:28.435732+05:30,67.1,,14954025
2025-09-04 13:46:29.197356+05:30,67.15,,14954025
2025-09-04 13:46:29.664962+05:30,67.25,,14954025
2025-09-04 13:46:30.186436+05:30,67.3,,14954025
2025-09-04 13:46:30.418411+05:30,67.4,,14954025
2025-09-04 13:46:30.712581+05:30,67.4,,14954025
2025-09-04 13:46:31.222277+05:30,67.15,,14954025
2025-09-04 13:46:31.439673+05:30,67.15,,14954025
2025-09-04 13:46:31.906901+05:30,67.0,,14954025
2025-09-04 13:46:32.500577+05:30,67.2,,14954025
2025-09-04 13:46:33.158895+05:30,67.45,,14954025
2025-09-04 13:46:33.453572+05:30,67.45,,14954025
2025-09-04 13:46:34.204439+05:30,67.35,,14954025
2025-09-04 13:46:34.466993+05:30,67.3,,14954025
2025-09-04 13:46:35.158866+05:30,66.95,,14954025
2025-09-04 13:46:35.509047+05:30,66.9,,14954025
2025-09-04 13:46:36.180121+05:30,67.2,,14954025
2025-09-04 13:46:36.468073+05:30,67.05,,14954025
2025-09-04 13:46:36.668467+05:30,67.05,,14954025
2025-09-04 13:46:36.907063+05:30,66.9,,14954025
2025-09-04 13:46:37.191737+05:30,66.9,,14954025
2025-09-04 13:46:37.468254+05:30,66.55,,14954025
2025-09-04 13:46:38.185776+05:30,66.7,,14954025
2025-09-04 13:46:38.408554+05:30,66.7,,14954025
2025-09-04 13:46:39.224243+05:30,66.6,,14954025
2025-09-04 13:46:39.514017+05:30,66.4,,14954025
2025-09-04 13:46:39.907240+05:30,66.5,,14954025
2025-09-04 13:46:40.171005+05:30,66.35,,14954025
2025-09-04 13:46:40.656840+05:30,66.35,,14954025
2025-09-04 13:46:41.185289+05:30,66.45,,14954025
2025-09-04 13:46:41.487660+05:30,66.3,,14954025
2025-09-04 13:46:41.720687+05:30,66.45,,14954025
2025-09-04 13:46:42.227162+05:30,66.35,,14954025
2025-09-04 13:46:42.657605+05:30,66.35,,14954025
2025-09-04 13:46:43.251625+05:30,66.6,,14954025
2025-09-04 13:46:43.500907+05:30,66.55,,14954025
2025-09-04 13:46:44.156866+05:30,67.05,,14954025
2025-09-04 13:46:44.429480+05:30,66.9,,14954025
2025-09-04 13:46:44.938418+05:30,66.95,,14954025
2025-09-04 13:46:45.183304+05:30,66.95,,14954025
2025-09-04 13:46:45.408054+05:30,67.0,,14954025
2025-09-04 13:46:46.205699+05:30,67.05,,14954025
2025-09-04 13:46:46.509797+05:30,66.85,,14954025
2025-09-04 13:46:46.652206+05:30,66.85,,14954025
2025-09-04 13:46:47.186541+05:30,67.05,,14954025
2025-09-04 13:46:47.411285+05:30,67.2,,14954025
2025-09-04 13:46:48.224300+05:30,66.85,,14954025
2025-09-04 13:46:49.220656+05:30,66.95,,14954025
2025-09-04 13:46:49.456786+05:30,66.95,,14954025
2025-09-04 13:46:49.906720+05:30,67.1,,14954025
2025-09-04 13:46:50.171275+05:30,66.9,,14954025
2025-09-04 13:46:50.485620+05:30,67.0,,14954025
2025-09-04 13:46:51.163802+05:30,66.9,,14954025
2025-09-04 13:46:51.423282+05:30,67.05,,14954025
2025-09-04 13:46:51.701285+05:30,67.05,,14954025
2025-09-04 13:46:52.202384+05:30,66.9,,14954025
2025-09-04 13:46:52.425618+05:30,67.0,,14954025
2025-09-04 13:46:53.179763+05:30,66.85,,14954025
2025-09-04 13:46:54.223066+05:30,66.85,,14954025
2025-09-04 13:46:54.452463+05:30,67.0,,14954025
2025-09-04 13:46:54.907758+05:30,67.0,,14954025
2025-09-04 13:46:55.171832+05:30,67.0,,14954025
2025-09-04 13:46:55.467610+05:30,67.0,,14954025
2025-09-04 13:46:56.157075+05:30,67.15,,14954025
2025-09-04 13:46:56.471523+05:30,67.15,,14954025
2025-09-04 13:46:56.685703+05:30,67.0,,14954025
2025-09-04 13:46:57.238030+05:30,67.0,,14954025
2025-09-04 13:46:57.430022+05:30,67.2,,14954025
2025-09-04 13:46:58.196530+05:30,66.95,,14954025
2025-09-04 13:46:58.690412+05:30,66.95,,14954025
2025-09-04 13:46:59.181822+05:30,67.0,,14954025
2025-09-04 13:46:59.459791+05:30,66.85,,14954025
2025-09-04 13:46:59.906985+05:30,67.0,,14954025
2025-09-04 13:47:00.158467+05:30,66.95,,14954025
2025-09-04 13:47:00.451072+05:30,67.0,,14954025
2025-09-04 13:47:01.272346+05:30,67.05,,14954025
2025-09-04 13:47:01.436377+05:30,66.75,,14954025
2025-09-04 13:47:01.656780+05:30,66.8,,14954025
2025-09-04 13:47:02.252578+05:30,66.8,,14954025
2025-09-04 13:47:02.671560+05:30,66.8,,14954025
2025-09-04 13:47:03.220274+05:30,66.7,,14954025
2025-09-04 13:47:03.419131+05:30,66.65,,14954025
2025-09-04 13:47:04.248312+05:30,66.5,,14954025
2025-09-04 13:47:04.517511+05:30,66.45,,14954025
2025-09-04 13:47:04.906576+05:30,66.05,,14954025
2025-09-04 13:47:05.196567+05:30,66.2,,14954025
2025-09-04 13:47:05.444722+05:30,66.2,,14954025
2025-09-04 13:47:06.158145+05:30,66.05,,14954025
2025-09-04 13:47:06.476508+05:30,66.2,,14954025
2025-09-04 13:47:06.683966+05:30,66.25,,14954025
2025-09-04 13:47:07.195981+05:30,66.45,,14954025
2025-09-04 13:47:07.723592+05:30,66.25,,14954025
2025-09-04 13:47:08.180862+05:30,66.4,,14954025
2025-09-04 13:47:09.164734+05:30,66.55,,14954025
2025-09-04 13:47:09.500660+05:30,66.55,,14954025
2025-09-04 13:47:09.906694+05:30,66.45,,14954025
2025-09-04 13:47:10.221733+05:30,66.5,,14954025
2025-09-04 13:47:10.452248+05:30,66.55,,14954025
2025-09-04 13:47:11.158402+05:30,66.85,,14954025
2025-09-04 13:47:11.521310+05:30,66.65,,14954025
2025-09-04 13:47:11.679791+05:30,66.75,,14954025
2025-09-04 13:47:12.155105+05:30,66.95,,14954025
2025-09-04 13:47:12.456125+05:30,66.95,,14954025
2025-09-04 13:47:13.257227+05:30,66.9,,14954025
2025-09-04 13:47:13.433092+05:30,66.85,,14954025
2025-09-04 13:47:14.193860+05:30,66.75,,14954025
2025-09-04 13:47:14.442779+05:30,66.9,,14954025
2025-09-04 13:47:14.945466+05:30,66.75,,14954025
2025-09-04 13:47:15.249399+05:30,66.75,,14954025
2025-09-04 13:47:15.462204+05:30,66.6,,14954025
2025-09-04 13:47:16.153403+05:30,66.6,,14954025
2025-09-04 13:47:16.446257+05:30,66.35,,14954025
2025-09-04 13:47:17.172011+05:30,66.3,,14954025
2025-09-04 13:47:17.407723+05:30,66.3,,14954025
2025-09-04 13:47:18.240501+05:30,66.3,,14954025
2025-09-04 13:47:18.436232+05:30,66.3,,14954025
2025-09-04 13:47:19.212267+05:30,66.35,,14954025
2025-09-04 13:47:19.435507+05:30,66.1,,14954025
2025-09-04 13:47:19.940567+05:30,66.2,,14954025
2025-09-04 13:47:20.421517+05:30,66.05,,14954025
2025-09-04 13:47:21.179860+05:30,66.05,,14954025
2025-09-04 13:47:21.437916+05:30,66.15,,14954025
2025-09-04 13:47:22.171332+05:30,66.1,,14954025
2025-09-04 13:47:22.444701+05:30,66.35,,14954025
2025-09-04 13:47:23.174599+05:30,66.1,,14954025
2025-09-04 13:47:23.446347+05:30,66.1,,14954025
2025-09-04 13:47:24.178381+05:30,66.15,,14954025
2025-09-04 13:47:24.471141+05:30,66.2,,14954025
2025-09-04 13:47:24.906775+05:30,66.05,,14954025
2025-09-04 13:47:25.158244+05:30,65.8,,14954025
2025-09-04 13:47:25.407975+05:30,65.9,,14954025
2025-09-04 13:47:26.207303+05:30,66.2,,14954025
2025-09-04 13:47:26.651614+05:30,66.45,,14954025
2025-09-04 13:47:27.205274+05:30,66.15,,14954025
2025-09-04 13:47:27.474729+05:30,66.25,,14954025
2025-09-04 13:47:28.221595+05:30,66.2,,14954025
2025-09-04 13:47:28.482768+05:30,66.2,,14954025
2025-09-04 13:47:29.175425+05:30,66.1,,14954025
2025-09-04 13:47:29.656694+05:30,66.25,,14954025
2025-09-04 13:47:29.911470+05:30,65.9,,14954025
2025-09-04 13:47:30.210079+05:30,65.9,,14954025
2025-09-04 13:47:30.484968+05:30,66.2,,14954025
2025-09-04 13:47:31.179705+05:30,66.15,,14954025
2025-09-04 13:47:31.687965+05:30,66.15,,14954025
2025-09-04 13:47:32.214650+05:30,66.15,,14954025
2025-09-04 13:47:32.422174+05:30,66.25,,14954025
2025-09-04 13:47:33.168733+05:30,65.9,,14954025
2025-09-04 13:47:33.449514+05:30,65.95,,14954025
2025-09-04 13:47:34.450418+05:30,64.45,,14954025
2025-09-04 13:47:34.906309+05:30,64.55,,14954025
2025-09-04 13:47:35.202938+05:30,64.8,,14954025
2025-09-04 13:47:35.426581+05:30,64.75,,14954025
2025-09-04 13:47:36.157654+05:30,64.8,,14954025
2025-09-04 13:47:36.658678+05:30,64.9,,14954025
2025-09-04 13:47:37.178030+05:30,65.0,,14954025
2025-09-04 13:47:37.408142+05:30,64.75,,14954025
2025-09-04 13:47:38.158090+05:30,64.7,,14954025
2025-09-04 13:47:38.447653+05:30,64.7,,14954025
2025-09-04 13:47:39.247391+05:30,64.85,,14954025
2025-09-04 13:47:39.426285+05:30,64.8,,14954025
2025-09-04 13:47:39.975714+05:30,65.05,,14954025
2025-09-04 13:47:40.172297+05:30,65.0,,14954025
2025-09-04 13:47:40.445639+05:30,65.1,,14954025
2025-09-04 13:47:41.157828+05:30,65.15,,14954025
2025-09-04 13:47:41.430171+05:30,65.05,,14954025
2025-09-04 13:47:42.179818+05:30,64.75,,14954025
2025-09-04 13:47:42.527207+05:30,64.7,,14954025
2025-09-04 13:47:42.907545+05:30,64.85,,14954025
2025-09-04 13:47:43.158012+05:30,64.85,,14954025
2025-09-04 13:47:43.433949+05:30,64.7,,14954025
2025-09-04 13:47:44.305848+05:30,64.45,,14954025
2025-09-04 13:47:44.430708+05:30,64.35,,14954025
2025-09-04 13:47:44.939359+05:30,64.3,,14954025
2025-09-04 13:47:45.146983+05:30,64.25,,14954025
2025-09-04 13:47:45.434085+05:30,64.35,,14954025
2025-09-04 13:47:46.175168+05:30,64.3,,14954025
2025-09-04 13:47:46.463992+05:30,64.3,,14954025
2025-09-04 13:47:47.222514+05:30,64.5,,14954025
2025-09-04 13:47:47.500978+05:30,64.55,,14954025
2025-09-04 13:47:48.211767+05:30,64.9,,14954025
2025-09-04 13:47:48.423168+05:30,64.6,,14954025
2025-09-04 13:47:49.160991+05:30,64.85,,14954025
2025-09-04 13:47:49.426990+05:30,64.75,,14954025
2025-09-04 13:47:49.906063+05:30,64.85,,14954025
2025-09-04 13:47:50.191185+05:30,64.8,,14954025
2025-09-04 13:47:50.510411+05:30,64.85,,14954025
2025-09-04 13:47:51.192554+05:30,65.0,,14954025
2025-09-04 13:47:51.453835+05:30,65.05,,14954025
2025-09-04 13:47:52.179269+05:30,65.05,,14954025
2025-09-04 13:47:52.437000+05:30,65.05,,14954025
2025-09-04 13:47:53.184375+05:30,65.0,,14954025
2025-09-04 13:47:53.407227+05:30,64.8,,14954025
2025-09-04 13:47:54.228175+05:30,64.85,,14954025
2025-09-04 13:47:54.488332+05:30,65.05,,14954025
2025-09-04 13:47:54.685069+05:30,65.15,,14954025
2025-09-04 13:47:55.221174+05:30,65.1,,14954025
2025-09-04 13:47:55.407869+05:30,65.4,,14954025
2025-09-04 13:47:56.157865+05:30,65.25,,14954025
2025-09-04 13:47:56.476040+05:30,65.3,,14954025
2025-09-04 13:47:57.169841+05:30,65.05,,14954025
2025-09-04 13:47:57.407936+05:30,65.0,,14954025
2025-09-04 13:47:58.157539+05:30,65.25,,14954025
2025-09-04 13:47:58.663119+05:30,65.3,,14954025
2025-09-04 13:47:59.185466+05:30,65.3,,14954025
2025-09-04 13:47:59.436278+05:30,65.2,,14954025
2025-09-04 13:47:59.681247+05:30,65.15,,14954025
2025-09-04 13:48:00.157807+05:30,65.3,,14954025
2025-09-04 13:48:00.408818+05:30,65.35,,14954025
2025-09-04 13:48:01.250424+05:30,65.5,,14954025
2025-09-04 13:48:01.515098+05:30,65.4,,14954025
2025-09-04 13:48:02.213499+05:30,65.15,,14954025
2025-09-04 13:48:02.437158+05:30,65.6,,14954025
2025-09-04 13:48:02.944674+05:30,65.7,,14954025
2025-09-04 13:48:03.184373+05:30,65.35,,14954025
2025-09-04 13:48:03.415886+05:30,65.4,,14954025
2025-09-04 13:48:04.222732+05:30,65.25,,14954025
2025-09-04 13:48:04.425676+05:30,65.05,,14954025
2025-09-04 13:48:04.656161+05:30,65.1,,14954025
2025-09-04 13:48:05.173312+05:30,65.1,,14954025
2025-09-04 13:48:05.516517+05:30,65.2,,14954025
2025-09-04 13:48:06.229573+05:30,65.25,,14954025
2025-09-04 13:48:06.411196+05:30,65.1,,14954025
2025-09-04 13:48:07.151170+05:30,65.15,,14954025
2025-09-04 13:48:07.461880+05:30,65.15,,14954025
2025-09-04 13:48:07.938544+05:30,65.0,,14954025
2025-09-04 13:48:08.157535+05:30,65.2,,14954025
2025-09-04 13:48:08.420915+05:30,65.05,,14954025
2025-09-04 13:48:09.218762+05:30,65.15,,14954025
2025-09-04 13:48:09.418014+05:30,65.1,,14954025
2025-09-04 13:48:09.714994+05:30,65.3,,14954025
2025-09-04 13:48:10.182493+05:30,65.1,,14954025
2025-09-04 13:48:10.418813+05:30,65.15,,14954025
2025-09-04 13:48:11.198503+05:30,65.05,,14954025
2025-09-04 13:48:11.507827+05:30,65.0,,14954025
2025-09-04 13:48:12.229844+05:30,64.9,,14954025
2025-09-04 13:48:12.667835+05:30,65.05,,14954025
2025-09-04 13:48:12.945149+05:30,64.8,,14954025
2025-09-04 13:48:13.202481+05:30,64.7,,14954025
2025-09-04 13:48:13.441196+05:30,64.7,,14954025
2025-09-04 13:48:14.215789+05:30,64.4,,14954025
2025-09-04 13:48:14.483383+05:30,64.55,,14954025
2025-09-04 13:48:14.691222+05:30,64.55,,14954025
2025-09-04 13:48:14.901426+05:30,64.6,,14954025
2025-09-04 13:48:15.191793+05:30,64.7,,14954025
2025-09-04 13:48:15.452713+05:30,64.5,,14954025
2025-09-04 13:48:16.207393+05:30,64.05,,14954025
2025-09-04 13:48:16.424850+05:30,64.05,,14954025
2025-09-04 13:48:17.174186+05:30,64.15,,14954025
2025-09-04 13:48:17.433720+05:30,64.25,,14954025
2025-09-04 13:48:17.943574+05:30,63.8,,14954025
2025-09-04 13:48:18.169408+05:30,63.85,,14954025
2025-09-04 13:48:18.422947+05:30,63.95,,14954025
2025-09-04 13:48:19.161943+05:30,63.9,,14954025
2025-09-04 13:48:19.511248+05:30,63.7,,14954025
2025-09-04 13:48:19.713630+05:30,63.55,,14954025
2025-09-04 13:48:19.905872+05:30,63.65,,14954025
2025-09-04 13:48:20.174008+05:30,63.55,,14954025
2025-09-04 13:48:20.458666+05:30,63.6,,14954025
2025-09-04 13:48:21.165408+05:30,63.45,,14954025
2025-09-04 13:48:21.418946+05:30,63.25,,14954025
2025-09-04 13:48:22.195804+05:30,63.4,,14954025
2025-09-04 13:48:22.656009+05:30,63.45,,14954025
2025-09-04 13:48:22.921118+05:30,63.5,,14954025
2025-09-04 13:48:23.195082+05:30,63.5,,14954025
2025-09-04 13:48:23.439737+05:30,63.4,,14954025
2025-09-04 13:48:24.173814+05:30,63.35,,14954025
2025-09-04 13:48:24.428404+05:30,63.25,,14954025
2025-09-04 13:48:24.694137+05:30,63.25,,14954025
2025-09-04 13:48:25.155941+05:30,63.3,,14954025
2025-09-04 13:48:25.433308+05:30,63.45,,14954025
2025-09-04 13:48:26.184615+05:30,63.55,,14954025
2025-09-04 13:48:26.656945+05:30,63.8,,14954025
2025-09-04 13:48:27.240233+05:30,63.65,,14954025
2025-09-04 13:48:27.652819+05:30,63.8,,14954025
2025-09-04 13:48:28.221887+05:30,63.75,,14954025
2025-09-04 13:48:28.433686+05:30,63.95,,14954025
2025-09-04 13:48:29.156796+05:30,63.8,,14954025
2025-09-04 13:48:29.656313+05:30,63.8,,14954025
2025-09-04 13:48:30.194618+05:30,63.75,,14954025
2025-09-04 13:48:30.457129+05:30,63.75,,14954025
2025-09-04 13:48:31.156897+05:30,63.65,,14954025
2025-09-04 13:48:31.442019+05:30,63.7,,14954025
2025-09-04 13:48:32.155982+05:30,63.9,,14954025
2025-09-04 13:48:32.423433+05:30,63.9,,14954025
2025-09-04 13:48:33.157273+05:30,63.7,,14954025
2025-09-04 13:48:33.472972+05:30,63.8,,14954025
2025-09-04 13:48:34.156903+05:30,63.6,,14954025
2025-09-04 13:48:34.456392+05:30,63.55,,14954025
2025-09-04 13:48:34.665664+05:30,63.65,,14954025
2025-09-04 13:48:35.244726+05:30,63.7,,14954025
2025-09-04 13:48:35.461616+05:30,63.75,,14954025
2025-09-04 13:48:36.212792+05:30,63.7,,14954025
2025-09-04 13:48:36.451568+05:30,63.5,,14954025
2025-09-04 13:48:37.206473+05:30,63.45,,14954025
2025-09-04 13:48:37.694125+05:30,63.5,,14954025
2025-09-04 13:48:37.923584+05:30,63.45,,14954025
2025-09-04 13:48:38.173518+05:30,63.45,,14954025
2025-09-04 13:48:38.716689+05:30,63.05,,14954025
2025-09-04 13:48:39.189882+05:30,63.0,,14954025
2025-09-04 13:48:39.411713+05:30,63.05,,14954025
2025-09-04 13:48:40.156948+05:30,63.15,,14954025
2025-09-04 13:48:40.430416+05:30,63.05,,14954025
2025-09-04 13:48:41.203869+05:30,63.0,,14954025
2025-09-04 13:48:41.444659+05:30,63.05,,14954025
2025-09-04 13:48:42.157470+05:30,63.0,,14954025
2025-09-04 13:48:42.428919+05:30,63.1,,14954025
2025-09-04 13:48:42.905725+05:30,63.15,,14954025
2025-09-04 13:48:43.163678+05:30,63.2,,14954025
2025-09-04 13:48:43.479345+05:30,63.3,,14954025
2025-09-04 13:48:44.173693+05:30,63.15,,14954025
2025-09-04 13:48:44.694562+05:30,63.15,,14954025
2025-09-04 13:48:45.159905+05:30,63.2,,14954025
2025-09-04 13:48:45.441057+05:30,63.35,,14954025
2025-09-04 13:48:46.199503+05:30,63.25,,14954025
2025-09-04 13:48:46.406951+05:30,62.8,,14954025
2025-09-04 13:48:47.212679+05:30,62.85,,14954025
2025-09-04 13:48:47.450046+05:30,62.9,,14954025
2025-09-04 13:48:47.948886+05:30,62.95,,14954025
2025-09-04 13:48:48.156773+05:30,62.95,,14954025
2025-09-04 13:48:48.406991+05:30,62.85,,14954025
2025-09-04 13:48:49.179789+05:30,62.85,,14954025
2025-09-04 13:48:49.465223+05:30,62.7,,14954025
2025-09-04 13:48:50.232838+05:30,62.4,,14954025
2025-09-04 13:48:50.428773+05:30,62.25,,14954025
2025-09-04 13:48:51.200227+05:30,62.2,,14954025
2025-09-04 13:48:51.650572+05:30,62.25,,14954025
2025-09-04 13:48:52.183693+05:30,62.4,,14954025
2025-09-04 13:48:52.438633+05:30,62.3,,14954025
2025-09-04 13:48:52.677655+05:30,62.45,,14954025
2025-09-04 13:48:52.940874+05:30,62.45,,14954025
2025-09-04 13:48:53.184763+05:30,62.4,,14954025
2025-09-04 13:48:53.402062+05:30,62.2,,14954025
2025-09-04 13:48:54.157149+05:30,62.15,,14954025
2025-09-04 13:48:54.483636+05:30,62.1,,14954025
2025-09-04 13:48:55.204172+05:30,61.9,,14954025
2025-09-04 13:48:55.453679+05:30,61.85,,14954025
2025-09-04 13:48:56.195796+05:30,62.25,,14954025
2025-09-04 13:48:56.439775+05:30,62.1,,14954025
2025-09-04 13:48:57.157026+05:30,62.25,,14954025
2025-09-04 13:48:57.655968+05:30,62.3,,14954025
2025-09-04 13:48:57.938704+05:30,62.45,,14954025
2025-09-04 13:48:58.200926+05:30,62.5,,14954025
2025-09-04 13:48:58.408370+05:30,62.1,,14954025
2025-09-04 13:48:59.205744+05:30,62.2,,14954025
2025-09-04 13:48:59.446691+05:30,62.35,,14954025
2025-09-04 13:49:00.166852+05:30,62.2,,14954025
2025-09-04 13:49:00.716462+05:30,62.15,,14954025
2025-09-04 13:49:01.156769+05:30,62.4,,14954025
2025-09-04 13:49:01.526635+05:30,62.1,,14954025
2025-09-04 13:49:02.156843+05:30,62.25,,14954025
2025-09-04 13:49:02.469253+05:30,62.05,,14954025
2025-09-04 13:49:02.766253+05:30,62.25,,14954025
2025-09-04 13:49:03.201938+05:30,62.2,,14954025
2025-09-04 13:49:03.432101+05:30,62.2,,14954025
2025-09-04 13:49:04.202482+05:30,62.4,,14954025
2025-09-04 13:49:04.478979+05:30,62.05,,14954025
2025-09-04 13:49:05.212545+05:30,62.2,,14954025
2025-09-04 13:49:05.427720+05:30,62.05,,14954025
2025-09-04 13:49:06.178169+05:30,62.1,,14954025
2025-09-04 13:49:06.420234+05:30,62.0,,14954025
2025-09-04 13:49:07.163193+05:30,62.25,,14954025
2025-09-04 13:49:07.445992+05:30,62.1,,14954025
2025-09-04 13:49:07.655543+05:30,62.75,,14954025
2025-09-04 13:49:08.221096+05:30,62.25,,14954025
2025-09-04 13:49:08.411980+05:30,62.4,,14954025
2025-09-04 13:49:09.185582+05:30,62.3,,14954025
2025-09-04 13:49:09.490045+05:30,62.3,,14954025
2025-09-04 13:49:09.907967+05:30,62.35,,14954025
2025-09-04 13:49:10.419776+05:30,62.15,,15014175
2025-09-04 13:49:11.156766+05:30,61.9,,15014175
2025-09-04 13:49:11.478992+05:30,61.9,,15014175
2025-09-04 13:49:12.192660+05:30,61.8,,15014175
2025-09-04 13:49:12.671396+05:30,62.05,,15014175
2025-09-04 13:49:13.178105+05:30,61.9,,15014175
2025-09-04 13:49:13.655326+05:30,62.2,,15014175
2025-09-04 13:49:14.175475+05:30,62.25,,15014175
2025-09-04 13:49:14.656858+05:30,62.25,,15014175
2025-09-04 13:49:15.205472+05:30,61.8,,15014175
2025-09-04 13:49:15.455039+05:30,62.1,,15014175
2025-09-04 13:49:16.157752+05:30,62.8,,15014175
2025-09-04 13:49:16.450209+05:30,62.95,,15014175
2025-09-04 13:49:17.223347+05:30,63.3,,15014175
2025-09-04 13:49:17.441647+05:30,63.1,,15014175
2025-09-04 13:49:17.738484+05:30,62.95,,15014175
2025-09-04 13:49:17.917490+05:30,63.05,,15014175
2025-09-04 13:49:18.181021+05:30,62.95,,15014175
2025-09-04 13:49:18.655667+05:30,63.15,,15014175
2025-09-04 13:49:19.150278+05:30,62.95,,15014175
2025-09-04 13:49:19.498282+05:30,63.0,,15014175
2025-09-04 13:49:20.169262+05:30,63.15,,15014175
2025-09-04 13:49:20.440319+05:30,63.25,,15014175
2025-09-04 13:49:21.178641+05:30,62.95,,15014175
2025-09-04 13:49:21.405643+05:30,63.1,,15014175
2025-09-04 13:49:22.206781+05:30,63.25,,15014175
2025-09-04 13:49:22.429145+05:30,63.35,,15014175
2025-09-04 13:49:22.666812+05:30,63.4,,15014175
2025-09-04 13:49:22.905221+05:30,63.45,,15014175
2025-09-04 13:49:23.194839+05:30,63.4,,15014175
2025-09-04 13:49:23.436313+05:30,63.55,,15014175
2025-09-04 13:49:24.189357+05:30,63.35,,15014175
2025-09-04 13:49:24.431627+05:30,63.2,,15014175
2025-09-04 13:49:25.186733+05:30,63.15,,15014175
2025-09-04 13:49:25.409272+05:30,62.8,,15014175
2025-09-04 13:49:26.184928+05:30,62.7,,15014175
2025-09-04 13:49:26.411705+05:30,62.7,,15014175
2025-09-04 13:49:27.231714+05:30,62.75,,15014175
2025-09-04 13:49:27.469755+05:30,62.6,,15014175
2025-09-04 13:49:27.712427+05:30,62.9,,15014175
2025-09-04 13:49:27.905380+05:30,62.8,,15014175
2025-09-04 13:49:28.200436+05:30,62.9,,15014175
2025-09-04 13:49:28.708295+05:30,62.9,,15014175
2025-09-04 13:49:29.173098+05:30,62.7,,15014175
2025-09-04 13:49:29.495912+05:30,62.65,,15014175
2025-09-04 13:49:30.181191+05:30,62.75,,15014175
2025-09-04 13:49:30.417611+05:30,62.75,,15014175
2025-09-04 13:49:30.678758+05:30,62.75,,15014175
2025-09-04 13:49:31.156965+05:30,62.8,,15014175
2025-09-04 13:49:31.429374+05:30,62.65,,15014175
2025-09-04 13:49:32.233020+05:30,62.55,,15014175
2025-09-04 13:49:32.413198+05:30,62.65,,15014175
2025-09-04 13:49:32.655339+05:30,62.4,,15014175
2025-09-04 13:49:32.910323+05:30,62.45,,15014175
2025-09-04 13:49:33.189217+05:30,62.5,,15014175
2025-09-04 13:49:33.469903+05:30,62.6,,15014175
2025-09-04 13:49:34.410851+05:30,62.5,,15014175
2025-09-04 13:49:35.173689+05:30,62.4,,15014175
2025-09-04 13:49:35.500490+05:30,62.25,,15014175
2025-09-04 13:49:36.155819+05:30,62.4,,15014175
2025-09-04 13:49:36.453533+05:30,62.4,,15014175
2025-09-04 13:49:37.412633+05:30,62.0,,15014175
2025-09-04 13:49:37.723635+05:30,62.0,,15014175
2025-09-04 13:49:37.905400+05:30,61.95,,15014175
2025-09-04 13:49:38.155247+05:30,62.05,,15014175
2025-09-04 13:49:38.525685+05:30,61.85,,15014175
2025-09-04 13:49:39.199695+05:30,62.3,,15014175
2025-09-04 13:49:39.430677+05:30,62.25,,15014175
2025-09-04 13:49:40.162248+05:30,62.2,,15014175
2025-09-04 13:49:40.446623+05:30,62.25,,15014175
2025-09-04 13:49:41.150941+05:30,62.3,,15014175
2025-09-04 13:49:41.433831+05:30,62.2,,15014175
2025-09-04 13:49:42.408039+05:30,62.45,,15014175
2025-09-04 13:49:42.724886+05:30,62.7,,15014175
2025-09-04 13:49:42.901834+05:30,62.85,,15014175
2025-09-04 13:49:43.184664+05:30,62.85,,15014175
2025-09-04 13:49:43.434577+05:30,62.8,,15014175
2025-09-04 13:49:44.472944+05:30,62.6,,15014175
2025-09-04 13:49:45.157345+05:30,62.7,,15014175
2025-09-04 13:49:45.432989+05:30,62.7,,15014175
2025-09-04 13:49:46.178869+05:30,62.95,,15014175
2025-09-04 13:49:46.498245+05:30,62.9,,15014175
2025-09-04 13:49:47.244344+05:30,62.8,,15014175
2025-09-04 13:49:47.406770+05:30,62.7,,15014175
2025-09-04 13:49:47.655995+05:30,62.75,,15014175
2025-09-04 13:49:47.905841+05:30,62.95,,15014175
2025-09-04 13:49:48.194359+05:30,62.95,,15014175
2025-09-04 13:49:48.447416+05:30,62.9,,15014175
2025-09-04 13:49:49.200532+05:30,63.0,,15014175
2025-09-04 13:49:49.522350+05:30,63.1,,15014175
2025-09-04 13:49:50.476810+05:30,63.15,,15014175
2025-09-04 13:49:50.904999+05:30,63.15,,15014175
2025-09-04 13:49:51.159843+05:30,63.25,,15014175
2025-09-04 13:49:51.418751+05:30,63.3,,15014175
2025-09-04 13:49:52.471084+05:30,63.3,,15014175
2025-09-04 13:49:52.705875+05:30,63.3,,15014175
2025-09-04 13:49:53.406389+05:30,63.15,,15014175
2025-09-04 13:49:54.240954+05:30,63.0,,15014175
2025-09-04 13:49:54.436240+05:30,63.05,,15014175
2025-09-04 13:49:55.201720+05:30,63.1,,15014175
2025-09-04 13:49:55.493630+05:30,62.95,,15014175
2025-09-04 13:49:55.904902+05:30,62.85,,15014175
2025-09-04 13:49:56.207576+05:30,63.0,,15014175
2025-09-04 13:49:56.472369+05:30,62.95,,15014175
2025-09-04 13:49:57.422947+05:30,62.8,,15014175
2025-09-04 13:49:57.677509+05:30,63.05,,15014175
2025-09-04 13:49:58.170198+05:30,63.15,,15014175
2025-09-04 13:49:58.457000+05:30,63.2,,15014175
2025-09-04 13:49:59.406399+05:30,63.3,,15014175
2025-09-04 13:50:00.205946+05:30,63.2,,15014175
2025-09-04 13:50:00.405274+05:30,63.15,,15014175
2025-09-04 13:50:00.678958+05:30,63.15,,15014175
2025-09-04 13:50:01.213200+05:30,63.0,,15014175
2025-09-04 13:50:01.412173+05:30,63.0,,15014175
2025-09-04 13:50:02.170434+05:30,63.2,,15014175
2025-09-04 13:50:02.441460+05:30,63.2,,15014175
2025-09-04 13:50:02.659832+05:30,63.2,,15014175
2025-09-04 13:50:03.426103+05:30,63.0,,15014175
2025-09-04 13:50:04.179922+05:30,63.15,,15014175
2025-09-04 13:50:04.682585+05:30,63.15,,15014175
2025-09-04 13:50:05.405809+05:30,63.05,,15014175
2025-09-04 13:50:05.904899+05:30,63.15,,15014175
2025-09-04 13:50:06.188253+05:30,63.0,,15014175
2025-09-04 13:50:06.450590+05:30,63.15,,15014175
2025-09-04 13:50:07.481333+05:30,63.2,,15014175
2025-09-04 13:50:07.650060+05:30,63.5,,15014175
2025-09-04 13:50:08.205325+05:30,63.5,,15014175
2025-09-04 13:50:08.419292+05:30,63.55,,15014175
2025-09-04 13:50:09.438855+05:30,63.5,,15014175
2025-09-04 13:50:09.655049+05:30,63.25,,15014175
2025-09-04 13:50:10.166168+05:30,63.45,,15014175
2025-09-04 13:50:10.433984+05:30,63.35,,15014175
2025-09-04 13:50:10.907285+05:30,63.35,,15014175
2025-09-04 13:50:11.156658+05:30,63.5,,15014175
2025-09-04 13:50:11.656766+05:30,63.55,,15014175
2025-09-04 13:50:12.406167+05:30,63.3,,15014175
2025-09-04 13:50:12.655539+05:30,63.8,,15014175
2025-09-04 13:50:13.405923+05:30,63.7,,15014175
2025-09-04 13:50:14.426569+05:30,63.65,,15014175
2025-09-04 13:50:15.406429+05:30,63.95,,15014175
2025-09-04 13:50:15.902789+05:30,63.95,,15014175
2025-09-04 13:50:16.179963+05:30,63.9,,15014175
2025-09-04 13:50:16.405803+05:30,64.05,,15014175
2025-09-04 13:50:17.173503+05:30,63.2,,15014175
2025-09-04 13:50:17.411908+05:30,63.05,,15014175
2025-09-04 13:50:17.654979+05:30,63.2,,15014175
2025-09-04 13:50:18.175314+05:30,63.1,,15014175
2025-09-04 13:50:18.740650+05:30,63.2,,15014175
2025-09-04 13:50:19.227417+05:30,62.7,,15014175
2025-09-04 13:50:19.671398+05:30,62.5,,15014175
2025-09-04 13:50:20.437604+05:30,62.45,,15014175
2025-09-04 13:50:20.899652+05:30,62.5,,15014175
2025-09-04 13:50:21.155903+05:30,62.5,,15014175
2025-09-04 13:50:21.421346+05:30,62.5,,15014175
2025-09-04 13:50:22.151902+05:30,62.25,,15014175
2025-09-04 13:50:22.445008+05:30,62.4,,15014175
2025-09-04 13:50:22.654846+05:30,62.6,,15014175
2025-09-04 13:50:23.190570+05:30,62.2,,15014175
2025-09-04 13:50:23.461650+05:30,62.5,,15014175
2025-09-04 13:50:24.427579+05:30,62.25,,15014175
2025-09-04 13:50:25.479714+05:30,62.0,,15014175
2025-09-04 13:50:25.671097+05:30,61.7,,15014175
2025-09-04 13:50:25.904990+05:30,61.6,,15014175
2025-09-04 13:50:26.194083+05:30,61.15,,15014175
2025-09-04 13:50:26.729101+05:30,61.25,,15014175
2025-09-04 13:50:27.157754+05:30,61.25,,15014175
2025-09-04 13:50:27.654934+05:30,61.25,,15014175
2025-09-04 13:50:28.197531+05:30,61.3,,15014175
2025-09-04 13:50:28.449785+05:30,61.1,,15014175
2025-09-04 13:50:29.191780+05:30,61.7,,15014175
2025-09-04 13:50:29.444467+05:30,61.75,,15014175
2025-09-04 13:50:30.191734+05:30,61.75,,15014175
2025-09-04 13:50:30.416534+05:30,61.75,,15014175
2025-09-04 13:50:30.899602+05:30,61.65,,15014175
2025-09-04 13:50:31.168851+05:30,61.7,,15014175
2025-09-04 13:50:31.473220+05:30,61.75,,15014175
2025-09-04 13:50:32.422618+05:30,62.05,,15014175
2025-09-04 13:50:32.674101+05:30,62.2,,15014175
2025-09-04 13:50:33.406022+05:30,62.4,,15014175
2025-09-04 13:50:34.206517+05:30,62.05,,15014175
2025-09-04 13:50:34.482784+05:30,62.25,,15014175
2025-09-04 13:50:35.449526+05:30,62.1,,15014175
2025-09-04 13:50:35.905185+05:30,62.1,,15014175
2025-09-04 13:50:36.152641+05:30,62.1,,15014175
2025-09-04 13:50:36.477599+05:30,62.1,,15014175
2025-09-04 13:50:37.455551+05:30,62.1,,15014175
2025-09-04 13:50:37.669777+05:30,62.1,,15014175
2025-09-04 13:50:38.164748+05:30,61.95,,15014175
2025-09-04 13:50:38.411791+05:30,61.95,,15014175
2025-09-04 13:50:39.405741+05:30,62.45,,15014175
2025-09-04 13:50:40.186703+05:30,63.0,,15014175
2025-09-04 13:50:40.467711+05:30,62.85,,15014175
2025-09-04 13:50:40.905867+05:30,62.7,,15014175
2025-09-04 13:50:41.482370+05:30,62.7,,15014175
2025-09-04 13:50:42.488752+05:30,63.0,,15014175
2025-09-04 13:50:42.703748+05:30,63.0,,15014175
2025-09-04 13:50:43.443522+05:30,63.3,,15014175
2025-09-04 13:50:44.172491+05:30,63.25,,15014175
2025-09-04 13:50:44.444042+05:30,63.15,,15014175
2025-09-04 13:50:45.405692+05:30,63.25,,15014175
2025-09-04 13:50:45.671132+05:30,63.4,,15014175
2025-09-04 13:50:45.904467+05:30,63.25,,15014175
2025-09-04 13:50:46.430600+05:30,63.1,,15014175
2025-09-04 13:50:47.400101+05:30,63.2,,15014175
2025-09-04 13:50:47.681931+05:30,63.3,,15014175
2025-09-04 13:50:47.923570+05:30,63.2,,15014175
2025-09-04 13:50:48.185970+05:30,63.65,,15014175
2025-09-04 13:50:48.679288+05:30,63.6,,15014175
2025-09-04 13:50:49.407675+05:30,63.75,,15014175
2025-09-04 13:50:49.687030+05:30,63.65,,15014175
2025-09-04 13:50:50.155821+05:30,63.65,,15014175
2025-09-04 13:50:50.484806+05:30,63.35,,15014175
2025-09-04 13:50:50.904510+05:30,63.55,,15014175
2025-09-04 13:50:51.177834+05:30,63.35,,15014175
2025-09-04 13:50:51.409903+05:30,63.5,,15014175
2025-09-04 13:50:52.520557+05:30,63.4,,15014175
2025-09-04 13:50:52.920563+05:30,63.5,,15014175
2025-09-04 13:50:53.455346+05:30,63.6,,15014175
2025-09-04 13:50:54.154561+05:30,63.7,,15014175
2025-09-04 13:50:54.405812+05:30,63.85,,15014175
2025-09-04 13:50:54.725674+05:30,64.0,,15014175
2025-09-04 13:50:55.155881+05:30,63.7,,15014175
2025-09-04 13:50:55.433724+05:30,63.5,,15014175
2025-09-04 13:50:55.677023+05:30,63.45,,15014175
2025-09-04 13:50:56.172707+05:30,63.6,,15014175
2025-09-04 13:50:56.451017+05:30,63.7,,15014175
2025-09-04 13:50:57.495957+05:30,63.8,,15014175
2025-09-04 13:50:57.757775+05:30,63.9,,15014175
2025-09-04 13:50:58.439148+05:30,63.8,,15014175
2025-09-04 13:50:59.155731+05:30,63.75,,15014175
2025-09-04 13:50:59.482484+05:30,63.8,,15014175
2025-09-04 13:51:00.435671+05:30,64.1,,15014175
2025-09-04 13:51:00.676777+05:30,64.05,,15014175
2025-09-04 13:51:01.212600+05:30,64.3,,15014175
2025-09-04 13:51:01.424818+05:30,64.25,,15014175
2025-09-04 13:51:02.242662+05:30,64.05,,15014175
2025-09-04 13:51:02.682248+05:30,64.05,,15014175
2025-09-04 13:51:03.455890+05:30,64.0,,15014175
2025-09-04 13:51:04.155584+05:30,64.15,,15014175
2025-09-04 13:51:04.437336+05:30,64.1,,15014175
2025-09-04 13:51:05.185128+05:30,64.2,,15014175
2025-09-04 13:51:05.731760+05:30,64.35,,15014175
2025-09-04 13:51:06.205670+05:30,64.2,,15014175
2025-09-04 13:51:06.423279+05:30,64.3,,15014175
2025-09-04 13:51:07.520349+05:30,64.55,,15014175
2025-09-04 13:51:07.674632+05:30,64.55,,15014175
2025-09-04 13:51:08.448577+05:30,64.8,,15014175
2025-09-04 13:51:09.158046+05:30,64.85,,15014175
2025-09-04 13:51:09.503268+05:30,64.6,,15014175
2025-09-04 13:51:10.443274+05:30,64.75,,15014175
2025-09-04 13:51:10.668498+05:30,64.75,,15014175
2025-09-04 13:51:11.189484+05:30,64.7,,15014175
2025-09-04 13:51:11.442709+05:30,64.6,,15014175
2025-09-04 13:51:12.481570+05:30,64.9,,15014175
2025-09-04 13:51:13.149163+05:30,64.85,,15014175
2025-09-04 13:51:13.701465+05:30,64.35,,15014175
2025-09-04 13:51:14.155737+05:30,64.2,,15014175
2025-09-04 13:51:14.499337+05:30,64.3,,15014175
2025-09-04 13:51:15.468347+05:30,64.4,,15014175
2025-09-04 13:51:15.657114+05:30,64.3,,15014175
2025-09-04 13:51:16.194180+05:30,64.4,,15014175
2025-09-04 13:51:16.442032+05:30,64.45,,15014175
2025-09-04 13:51:17.180917+05:30,64.55,,15014175
2025-09-04 13:51:17.405359+05:30,64.55,,15014175
2025-09-04 13:51:17.667077+05:30,64.55,,15014175
2025-09-04 13:51:18.155721+05:30,64.5,,15014175
2025-09-04 13:51:18.520609+05:30,64.35,,15014175
2025-09-04 13:51:18.904249+05:30,64.45,,15014175
2025-09-04 13:51:19.155710+05:30,64.4,,15014175
2025-09-04 13:51:19.405281+05:30,64.45,,15014175
2025-09-04 13:51:20.402392+05:30,64.65,,15014175
2025-09-04 13:51:20.686742+05:30,64.9,,15014175
2025-09-04 13:51:21.171808+05:30,64.9,,15014175
2025-09-04 13:51:21.460362+05:30,64.75,,15014175
2025-09-04 13:51:22.443873+05:30,64.8,,15014175
2025-09-04 13:51:22.654232+05:30,65.0,,15014175
2025-09-04 13:51:23.163097+05:30,64.75,,15014175
2025-09-04 13:51:23.410393+05:30,64.75,,15014175
2025-09-04 13:51:23.906034+05:30,65.05,,15014175
2025-09-04 13:51:24.421787+05:30,65.2,,15014175
2025-09-04 13:51:25.494687+05:30,65.35,,15014175
2025-09-04 13:51:25.899119+05:30,65.35,,15014175
2025-09-04 13:51:26.151647+05:30,65.45,,15014175
2025-09-04 13:51:26.429692+05:30,65.35,,15014175
2025-09-04 13:51:27.474306+05:30,65.5,,15014175
2025-09-04 13:51:27.682415+05:30,65.45,,15014175
2025-09-04 13:51:28.172189+05:30,65.4,,15014175
2025-09-04 13:51:28.677309+05:30,65.4,,15014175
2025-09-04 13:51:28.945184+05:30,65.35,,15014175
2025-09-04 13:51:29.530877+05:30,65.35,,15014175
2025-09-04 13:51:30.409071+05:30,65.35,,15014175
2025-09-04 13:51:30.654285+05:30,65.25,,15014175
2025-09-04 13:51:31.178993+05:30,65.0,,15014175
2025-09-04 13:51:31.461219+05:30,65.25,,15014175
2025-09-04 13:51:32.444506+05:30,65.3,,15014175
2025-09-04 13:51:32.743203+05:30,65.25,,15014175
2025-09-04 13:51:33.229726+05:30,65.3,,15014175
2025-09-04 13:51:33.427199+05:30,65.25,,15014175
2025-09-04 13:51:33.964459+05:30,65.15,,15014175
2025-09-04 13:51:34.404303+05:30,65.15,,15014175
2025-09-04 13:51:34.667697+05:30,65.1,,15014175
2025-09-04 13:51:35.505783+05:30,65.1,,15014175
2025-09-04 13:51:35.899800+05:30,65.15,,15014175
2025-09-04 13:51:36.408912+05:30,65.35,,15014175
2025-09-04 13:51:37.460375+05:30,65.05,,15014175
2025-09-04 13:51:37.707740+05:30,65.15,,15014175
2025-09-04 13:51:38.451672+05:30,64.9,,15014175
2025-09-04 13:51:38.671221+05:30,64.7,,15014175
2025-09-04 13:51:38.904970+05:30,64.8,,15014175
2025-09-04 13:51:39.191280+05:30,65.0,,15014175
2025-09-04 13:51:39.404958+05:30,64.7,,15014175
2025-09-04 13:51:40.432460+05:30,64.65,,15014175
2025-09-04 13:51:40.904167+05:30,64.85,,15014175
2025-09-04 13:51:41.481378+05:30,64.9,,15014175
2025-09-04 13:51:41.692138+05:30,64.8,,15014175
2025-09-04 13:51:42.154317+05:30,64.85,,15014175
2025-09-04 13:51:42.506874+05:30,64.85,,15014175
2025-09-04 13:51:42.695543+05:30,64.75,,15014175
2025-09-04 13:51:43.443525+05:30,65.1,,15014175
2025-09-04 13:51:43.953536+05:30,65.3,,15014175
2025-09-04 13:51:44.417299+05:30,65.15,,15014175
2025-09-04 13:51:45.178758+05:30,65.25,,15014175
2025-09-04 13:51:45.404558+05:30,65.2,,15014175
2025-09-04 13:51:45.903959+05:30,65.0,,15014175
2025-09-04 13:51:46.464826+05:30,65.0,,15014175
2025-09-04 13:51:47.418801+05:30,65.0,,15014175
2025-09-04 13:51:47.656194+05:30,65.1,,15014175
2025-09-04 13:51:48.479719+05:30,65.15,,15014175
2025-09-04 13:51:48.915505+05:30,65.1,,15014175
2025-09-04 13:51:49.405250+05:30,64.85,,15014175
2025-09-04 13:51:50.155274+05:30,64.7,,15014175
2025-09-04 13:51:50.421677+05:30,64.75,,15014175
2025-09-04 13:51:50.904149+05:30,65.0,,15014175
2025-09-04 13:51:51.475676+05:30,65.1,,15014175
2025-09-04 13:51:51.742667+05:30,65.1,,15014175
2025-09-04 13:51:52.226255+05:30,65.0,,15014175
2025-09-04 13:51:52.421622+05:30,65.2,,15014175
2025-09-04 13:51:53.410798+05:30,64.9,,15014175
2025-09-04 13:51:53.672649+05:30,64.95,,15014175
2025-09-04 13:51:54.174069+05:30,65.45,,15014175
2025-09-04 13:51:54.410568+05:30,65.35,,15014175
2025-09-04 13:51:54.669046+05:30,65.9,,15014175
2025-09-04 13:51:55.487858+05:30,65.65,,15014175
2025-09-04 13:51:55.904253+05:30,65.55,,15014175
2025-09-04 13:51:56.155143+05:30,65.55,,15014175
2025-09-04 13:51:56.405542+05:30,65.45,,15014175
2025-09-04 13:51:57.154850+05:30,65.6,,15014175
2025-09-04 13:51:57.445633+05:30,65.6,,15014175
2025-09-04 13:51:58.442397+05:30,65.6,,15014175
2025-09-04 13:51:58.686563+05:30,65.7,,15014175
2025-09-04 13:51:59.243347+05:30,65.6,,15014175
2025-09-04 13:51:59.405472+05:30,65.5,,15014175
2025-09-04 13:52:00.154711+05:30,65.9,,15014175
2025-09-04 13:52:00.768064+05:30,65.9,,15014175
2025-09-04 13:52:00.899033+05:30,65.9,,15014175
2025-09-04 13:52:01.448920+05:30,66.05,,15014175
2025-09-04 13:52:02.421559+05:30,66.3,,15014175
2025-09-04 13:52:03.413074+05:30,66.3,,15014175
2025-09-04 13:52:03.926587+05:30,66.35,,15014175
2025-09-04 13:52:04.199172+05:30,66.1,,15014175
2025-09-04 13:52:04.532651+05:30,66.25,,15014175
2025-09-04 13:52:04.681965+05:30,66.2,,15014175
2025-09-04 13:52:05.438404+05:30,66.65,,15014175
2025-09-04 13:52:05.908844+05:30,66.9,,15014175
2025-09-04 13:52:06.154729+05:30,67.0,,15014175
2025-09-04 13:52:06.740982+05:30,67.15,,15014175
2025-09-04 13:52:07.463109+05:30,67.0,,15014175
2025-09-04 13:52:08.195975+05:30,67.45,,15014175
2025-09-04 13:52:08.452829+05:30,67.55,,15014175
2025-09-04 13:52:08.903688+05:30,67.65,,15014175
2025-09-04 13:52:09.157422+05:30,67.9,,15014175
2025-09-04 13:52:09.655350+05:30,67.9,,15014175
2025-09-04 13:52:10.153758+05:30,67.95,,15014175
2025-09-04 13:52:10.440685+05:30,68.05,,15014175
2025-09-04 13:52:10.919909+05:30,68.2,,15014175
2025-09-04 13:52:11.176492+05:30,67.95,,15209850
2025-09-04 13:52:11.671063+05:30,68.1,,15209850
2025-09-04 13:52:12.211290+05:30,67.75,,15209850
2025-09-04 13:52:12.477163+05:30,67.65,,15209850
2025-09-04 13:52:13.198222+05:30,67.6,,15209850
2025-09-04 13:52:13.731885+05:30,67.5,,15209850
2025-09-04 13:52:14.188372+05:30,67.5,,15209850
2025-09-04 13:52:14.452005+05:30,67.4,,15209850
2025-09-04 13:52:15.490133+05:30,67.5,,15209850
2025-09-04 13:52:15.715985+05:30,67.5,,15209850
2025-09-04 13:52:16.154772+05:30,67.55,,15209850
2025-09-04 13:52:16.671822+05:30,67.3,,15209850
2025-09-04 13:52:17.227471+05:30,67.15,,15209850
2025-09-04 13:52:17.686747+05:30,67.2,,15209850
2025-09-04 13:52:18.482733+05:30,67.55,,15209850
2025-09-04 13:52:18.653695+05:30,67.4,,15209850
2025-09-04 13:52:18.898875+05:30,67.45,,15209850
2025-09-04 13:52:19.226393+05:30,67.25,,15209850
2025-09-04 13:52:19.493465+05:30,67.25,,15209850
2025-09-04 13:52:19.673735+05:30,67.0,,15209850
2025-09-04 13:52:20.427841+05:30,67.15,,15209850
2025-09-04 13:52:20.653725+05:30,67.15,,15209850
2025-09-04 13:52:21.447618+05:30,67.5,,15209850
2025-09-04 13:52:21.686881+05:30,67.8,,15209850
2025-09-04 13:52:22.148839+05:30,67.75,,15209850
2025-09-04 13:52:22.493620+05:30,68.1,,15209850
2025-09-04 13:52:23.243199+05:30,68.65,,15209850
2025-09-04 13:52:23.702871+05:30,68.95,,15209850
2025-09-04 13:52:24.204029+05:30,68.8,,15209850
2025-09-04 13:52:24.425470+05:30,68.6,,15209850
2025-09-04 13:52:24.664929+05:30,68.7,,15209850
2025-09-04 13:52:25.154669+05:30,68.6,,15209850
2025-09-04 13:52:25.443570+05:30,68.15,,15209850
2025-09-04 13:52:25.699813+05:30,68.25,,15209850
2025-09-04 13:52:26.498030+05:30,67.9,,15209850
2025-09-04 13:52:26.671212+05:30,68.0,,15209850
2025-09-04 13:52:27.154000+05:30,68.0,,15209850
2025-09-04 13:52:27.419731+05:30,67.9,,15209850
2025-09-04 13:52:28.401065+05:30,68.1,,15209850
2025-09-04 13:52:28.675070+05:30,68.05,,15209850
2025-09-04 13:52:29.202999+05:30,68.3,,15209850
2025-09-04 13:52:29.449478+05:30,68.1,,15209850
2025-09-04 13:52:29.699912+05:30,68.35,,15209850
2025-09-04 13:52:30.531831+05:30,67.8,,15209850
2025-09-04 13:52:30.903620+05:30,67.55,,15209850
2025-09-04 13:52:31.398513+05:30,67.3,,15209850
2025-09-04 13:52:31.687693+05:30,67.45,,15209850
2025-09-04 13:52:32.153635+05:30,68.0,,15209850
2025-09-04 13:52:32.417028+05:30,67.85,,15209850
2025-09-04 13:52:33.420816+05:30,68.3,,15209850
2025-09-04 13:52:33.742883+05:30,68.35,,15209850
2025-09-04 13:52:33.916069+05:30,68.4,,15209850
2025-09-04 13:52:34.215667+05:30,68.0,,15209850
2025-09-04 13:52:34.504162+05:30,68.25,,15209850
2025-09-04 13:52:34.701792+05:30,67.55,,15209850
2025-09-04 13:52:35.427627+05:30,67.95,,15209850
2025-09-04 13:52:35.696108+05:30,67.65,,15209850
2025-09-04 13:52:36.490575+05:30,67.9,,15209850
2025-09-04 13:52:36.765383+05:30,68.0,,15209850
2025-09-04 13:52:37.212828+05:30,68.25,,15209850
2025-09-04 13:52:37.459251+05:30,68.0,,15209850
2025-09-04 13:52:38.427668+05:30,68.05,,15209850
2025-09-04 13:52:38.659724+05:30,68.15,,15209850
2025-09-04 13:52:39.188526+05:30,68.05,,15209850
2025-09-04 13:52:39.413059+05:30,68.05,,15209850
2025-09-04 13:52:39.653587+05:30,68.05,,15209850
2025-09-04 13:52:40.453736+05:30,67.75,,15209850
2025-09-04 13:52:40.648838+05:30,67.75,,15209850
2025-09-04 13:52:41.185150+05:30,67.55,,15209850
2025-09-04 13:52:41.664597+05:30,67.45,,15209850
2025-09-04 13:52:42.241270+05:30,67.45,,15209850
2025-09-04 13:52:42.421707+05:30,67.5,,15209850
2025-09-04 13:52:43.217781+05:30,67.45,,15209850
2025-09-04 13:52:43.770242+05:30,67.5,,15209850
2025-09-04 13:52:43.958543+05:30,67.95,,15209850
2025-09-04 13:52:44.194729+05:30,67.8,,15209850
2025-09-04 13:52:44.428283+05:30,67.8,,15209850
2025-09-04 13:52:44.666778+05:30,67.85,,15209850
2025-09-04 13:52:45.438270+05:30,67.5,,15209850
2025-09-04 13:52:45.653429+05:30,67.5,,15209850
2025-09-04 13:52:46.432947+05:30,67.3,,15209850
2025-09-04 13:52:46.692772+05:30,67.0,,15209850
2025-09-04 13:52:47.154732+05:30,66.55,,15209850
2025-09-04 13:52:47.449956+05:30,66.7,,15209850
2025-09-04 13:52:47.691010+05:30,66.45,,15209850
2025-09-04 13:52:48.448310+05:30,66.55,,15209850
2025-09-04 13:52:48.751183+05:30,66.55,,15209850
2025-09-04 13:52:48.903316+05:30,66.75,,15209850
2025-09-04 13:52:49.496781+05:30,67.2,,15209850
2025-09-04 13:52:49.665763+05:30,66.95,,15209850
2025-09-04 13:52:50.415773+05:30,66.9,,15209850
2025-09-04 13:52:50.699652+05:30,66.7,,15209850
2025-09-04 13:52:51.489407+05:30,66.55,,15209850
2025-09-04 13:52:51.671423+05:30,66.55,,15209850
2025-09-04 13:52:52.154823+05:30,66.3,,15209850
2025-09-04 13:52:52.404412+05:30,66.25,,15209850
2025-09-04 13:52:53.407494+05:30,66.1,,15209850
2025-09-04 13:52:53.669882+05:30,65.9,,15209850
2025-09-04 13:52:54.162302+05:30,65.75,,15209850
2025-09-04 13:52:54.687312+05:30,65.95,,15209850
2025-09-04 13:52:55.170954+05:30,66.0,,15209850
2025-09-04 13:52:55.404518+05:30,65.95,,15209850
2025-09-04 13:52:55.684500+05:30,65.8,,15209850
2025-09-04 13:52:56.482377+05:30,65.75,,15209850
2025-09-04 13:52:56.750730+05:30,65.7,,15209850
2025-09-04 13:52:57.153633+05:30,65.0,,15209850
2025-09-04 13:52:57.446207+05:30,65.05,,15209850
2025-09-04 13:52:57.702785+05:30,65.2,,15209850
2025-09-04 13:52:58.453189+05:30,65.35,,15209850
2025-09-04 13:52:58.653717+05:30,65.45,,15209850
2025-09-04 13:52:58.900868+05:30,65.45,,15209850
2025-09-04 13:52:59.193555+05:30,65.4,,15209850
2025-09-04 13:52:59.787094+05:30,65.6,,15209850
2025-09-04 13:53:00.423016+05:30,65.6,,15209850
2025-09-04 13:53:00.653381+05:30,65.85,,15209850
2025-09-04 13:53:01.166778+05:30,65.8,,15209850
2025-09-04 13:53:01.715643+05:30,65.8,,15209850
2025-09-04 13:53:02.250890+05:30,65.75,,15209850
2025-09-04 13:53:02.438340+05:30,65.9,,15209850
2025-09-04 13:53:03.198891+05:30,65.45,,15209850
2025-09-04 13:53:03.781236+05:30,65.5,,15209850
2025-09-04 13:53:03.903508+05:30,65.45,,15209850
2025-09-04 13:53:04.169518+05:30,65.25,,15209850
2025-09-04 13:53:04.653529+05:30,65.1,,15209850
2025-09-04 13:53:05.191543+05:30,65.15,,15209850
2025-09-04 13:53:05.515400+05:30,65.3,,15209850
2025-09-04 13:53:05.693971+05:30,65.2,,15209850
2025-09-04 13:53:06.464760+05:30,65.4,,15209850
2025-09-04 13:53:06.648551+05:30,65.75,,15209850
2025-09-04 13:53:07.150311+05:30,65.65,,15209850
2025-09-04 13:53:07.443204+05:30,65.75,,15209850
2025-09-04 13:53:07.739218+05:30,65.7,,15209850
2025-09-04 13:53:08.428169+05:30,65.75,,15209850
2025-09-04 13:53:08.665692+05:30,65.8,,15209850
2025-09-04 13:53:08.925190+05:30,65.8,,15209850
2025-09-04 13:53:09.407079+05:30,65.65,,15209850
2025-09-04 13:53:09.691342+05:30,65.8,,15209850
2025-09-04 13:53:10.404732+05:30,65.4,,15209850
2025-09-04 13:53:10.731982+05:30,65.4,,15209850
2025-09-04 13:53:10.915111+05:30,65.45,,15209850
2025-09-04 13:53:11.442967+05:30,65.45,,15209850
2025-09-04 13:53:11.706149+05:30,65.25,,15209850
2025-09-04 13:53:12.181772+05:30,65.05,,15209850
2025-09-04 13:53:12.703401+05:30,65.25,,15209850
2025-09-04 13:53:13.442646+05:30,65.25,,15209850
2025-09-04 13:53:13.702045+05:30,65.35,,15209850
2025-09-04 13:53:13.903167+05:30,65.65,,15209850
2025-09-04 13:53:14.153415+05:30,65.85,,15209850
2025-09-04 13:53:14.680855+05:30,66.35,,15209850
2025-09-04 13:53:15.399011+05:30,66.3,,15209850
2025-09-04 13:53:15.707092+05:30,66.45,,15209850
2025-09-04 13:53:16.488874+05:30,66.6,,15209850
2025-09-04 13:53:16.685964+05:30,66.55,,15209850
2025-09-04 13:53:17.154668+05:30,66.4,,15209850
2025-09-04 13:53:17.455308+05:30,66.45,,15209850
2025-09-04 13:53:18.421811+05:30,66.55,,15209850
2025-09-04 13:53:18.791802+05:30,66.35,,15209850
2025-09-04 13:53:18.925197+05:30,66.4,,15209850
2025-09-04 13:53:19.172647+05:30,66.45,,15209850
2025-09-04 13:53:19.728567+05:30,66.55,,15209850
2025-09-04 13:53:20.495787+05:30,66.7,,15209850
2025-09-04 13:53:20.697907+05:30,66.55,,15209850
2025-09-04 13:53:21.192165+05:30,66.7,,15209850
2025-09-04 13:53:21.652849+05:30,66.95,,15209850
2025-09-04 13:53:22.154600+05:30,67.0,,15209850
2025-09-04 13:53:22.447383+05:30,66.95,,15209850
2025-09-04 13:53:23.209343+05:30,66.95,,15209850
2025-09-04 13:53:23.676866+05:30,67.0,,15209850
2025-09-04 13:53:23.898952+05:30,67.15,,15209850
2025-09-04 13:53:24.177390+05:30,67.2,,15209850
2025-09-04 13:53:24.696717+05:30,67.35,,15209850
2025-09-04 13:53:25.153191+05:30,67.5,,15209850
2025-09-04 13:53:25.433577+05:30,67.45,,15209850
2025-09-04 13:53:25.914873+05:30,67.65,,15209850
2025-09-04 13:53:26.503174+05:30,67.75,,15209850
2025-09-04 13:53:26.654556+05:30,67.55,,15209850
2025-09-04 13:53:27.154533+05:30,67.5,,15209850
2025-09-04 13:53:27.398880+05:30,67.6,,15209850
2025-09-04 13:53:28.417080+05:30,67.65,,15209850
2025-09-04 13:53:28.716931+05:30,67.65,,15209850
2025-09-04 13:53:28.976298+05:30,67.75,,15209850
2025-09-04 13:53:29.169722+05:30,67.35,,15209850
2025-09-04 13:53:29.657840+05:30,67.5,,15209850
2025-09-04 13:53:30.425665+05:30,67.7,,15209850
2025-09-04 13:53:30.686835+05:30,67.65,,15209850
2025-09-04 13:53:30.923738+05:30,67.7,,15209850
2025-09-04 13:53:31.420524+05:30,67.5,,15209850
2025-09-04 13:53:31.691169+05:30,67.25,,15209850
2025-09-04 13:53:32.154511+05:30,67.45,,15209850
2025-09-04 13:53:32.502531+05:30,67.45,,15209850
2025-09-04 13:53:32.688624+05:30,67.3,,15209850
2025-09-04 13:53:33.484401+05:30,67.2,,15209850
2025-09-04 13:53:33.682636+05:30,66.95,,15209850
2025-09-04 13:53:33.914429+05:30,66.95,,15209850
2025-09-04 13:53:34.404076+05:30,66.9,,15209850
2025-09-04 13:53:34.687516+05:30,66.9,,15209850
2025-09-04 13:53:35.179152+05:30,66.75,,15209850
2025-09-04 13:53:35.437215+05:30,66.65,,15209850
2025-09-04 13:53:35.920472+05:30,66.65,,15209850
2025-09-04 13:53:36.154462+05:30,66.65,,15209850
2025-09-04 13:53:36.787289+05:30,66.7,,15209850
2025-09-04 13:53:37.149919+05:30,66.4,,15209850
2025-09-04 13:53:37.421536+05:30,66.75,,15209850
2025-09-04 13:53:37.662157+05:30,66.5,,15209850
2025-09-04 13:53:38.404478+05:30,67.05,,15209850
2025-09-04 13:53:38.680843+05:30,67.05,,15209850
2025-09-04 13:53:38.903199+05:30,66.65,,15209850
2025-09-04 13:53:39.215424+05:30,66.8,,15209850
2025-09-04 13:53:39.695974+05:30,66.75,,15209850
2025-09-04 13:53:40.422649+05:30,66.65,,15209850
2025-09-04 13:53:40.669095+05:30,66.45,,15209850
2025-09-04 13:53:41.495720+05:30,66.45,,15209850
2025-09-04 13:53:41.713587+05:30,66.4,,15209850
2025-09-04 13:53:42.209026+05:30,66.7,,15209850
2025-09-04 13:53:42.468428+05:30,66.45,,15209850
2025-09-04 13:53:43.175095+05:30,66.7,,15209850
2025-09-04 13:53:43.690938+05:30,66.55,,15209850
2025-09-04 13:53:43.902882+05:30,66.75,,15209850
2025-09-04 13:53:44.430083+05:30,66.55,,15209850
2025-09-04 13:53:44.670569+05:30,66.25,,15209850
2025-09-04 13:53:45.156050+05:30,66.15,,15209850
2025-09-04 13:53:45.697582+05:30,66.45,,15209850
2025-09-04 13:53:45.919029+05:30,66.45,,15209850
2025-09-04 13:53:46.404263+05:30,66.6,,15209850
2025-09-04 13:53:46.677631+05:30,66.3,,15209850
2025-09-04 13:53:47.231140+05:30,66.5,,15209850
2025-09-04 13:53:47.443722+05:30,66.25,,15209850
2025-09-04 13:53:48.154292+05:30,66.15,,15209850
2025-09-04 13:53:48.718952+05:30,65.95,,15209850
2025-09-04 13:53:48.902797+05:30,66.15,,15209850
2025-09-04 13:53:49.189325+05:30,66.15,,15209850
2025-09-04 13:53:49.668709+05:30,66.05,,15209850
2025-09-04 13:53:50.170627+05:30,66.1,,15209850
2025-09-04 13:53:50.441720+05:30,66.0,,15209850
2025-09-04 13:53:50.919756+05:30,66.0,,15209850
2025-09-04 13:53:51.147721+05:30,66.1,,15209850
2025-09-04 13:53:51.682022+05:30,65.85,,15209850
2025-09-04 13:53:52.153226+05:30,66.0,,15209850
2025-09-04 13:53:52.427355+05:30,66.2,,15209850
2025-09-04 13:53:53.191915+05:30,66.2,,15209850
2025-09-04 13:53:53.767874+05:30,66.45,,15209850
2025-09-04 13:53:54.214142+05:30,66.6,,15209850
2025-09-04 13:53:54.451640+05:30,66.55,,15209850
2025-09-04 13:53:54.667391+05:30,66.6,,15209850
2025-09-04 13:53:55.147578+05:30,66.6,,15209850
2025-09-04 13:53:55.676693+05:30,66.7,,15209850
2025-09-04 13:53:56.175960+05:30,66.75,,15209850
2025-09-04 13:53:56.653188+05:30,66.5,,15209850
2025-09-04 13:53:57.170467+05:30,66.8,,15209850
2025-09-04 13:53:57.427433+05:30,66.55,,15209850
2025-09-04 13:53:57.648058+05:30,66.6,,15209850
2025-09-04 13:53:58.432913+05:30,66.75,,15209850
2025-09-04 13:53:58.685555+05:30,66.95,,15209850
2025-09-04 13:53:59.207739+05:30,67.0,,15209850
2025-09-04 13:53:59.432004+05:30,67.0,,15209850
2025-09-04 13:53:59.685392+05:30,66.9,,15209850
2025-09-04 13:54:00.451304+05:30,67.0,,15209850
2025-09-04 13:54:00.779668+05:30,67.0,,15209850
2025-09-04 13:54:01.487067+05:30,67.0,,15209850
2025-09-04 13:54:01.726175+05:30,66.8,,15209850
2025-09-04 13:54:02.403152+05:30,66.75,,15209850
2025-09-04 13:54:03.152918+05:30,66.6,,15209850
2025-09-04 13:54:03.652809+05:30,66.95,,15209850
2025-09-04 13:54:04.203989+05:30,67.0,,15209850
2025-09-04 13:54:04.435255+05:30,67.0,,15209850
2025-09-04 13:54:04.668077+05:30,67.35,,15209850
2025-09-04 13:54:05.194602+05:30,67.2,,15209850
2025-09-04 13:54:05.654004+05:30,67.25,,15209850
2025-09-04 13:54:06.442143+05:30,66.9,,15209850
2025-09-04 13:54:06.696383+05:30,67.1,,15209850
2025-09-04 13:54:07.211686+05:30,67.2,,15209850
2025-09-04 13:54:07.419459+05:30,67.2,,15209850
2025-09-04 13:54:08.225151+05:30,67.2,,15209850
2025-09-04 13:54:08.735425+05:30,67.2,,15209850
2025-09-04 13:54:09.157807+05:30,67.25,,15209850
2025-09-04 13:54:09.446878+05:30,67.2,,15209850
2025-09-04 13:54:09.652635+05:30,67.25,,15209850
2025-09-04 13:54:10.153058+05:30,67.25,,15209850
2025-09-04 13:54:10.697115+05:30,67.15,,15209850
2025-09-04 13:54:11.188437+05:30,67.2,,15209850
2025-09-04 13:54:11.676159+05:30,67.05,,15209850
2025-09-04 13:54:12.513075+05:30,67.0,,15209850
2025-09-04 13:54:12.692182+05:30,67.2,,15209850
2025-09-04 13:54:13.148487+05:30,67.2,,15209850
2025-09-04 13:54:13.655918+05:30,67.15,,15209850
2025-09-04 13:54:14.191619+05:30,67.05,,15209850
2025-09-04 13:54:14.429863+05:30,66.95,,15209850
2025-09-04 13:54:14.658357+05:30,66.95,,15209850
2025-09-04 13:54:15.152602+05:30,67.2,,15209850
2025-09-04 13:54:15.681468+05:30,67.2,,15209850
2025-09-04 13:54:16.488525+05:30,67.2,,15209850
2025-09-04 13:54:16.675828+05:30,67.3,,15209850
2025-09-04 13:54:17.507199+05:30,67.35,,15209850
2025-09-04 13:54:17.706157+05:30,67.5,,15209850
2025-09-04 13:54:18.415594+05:30,67.5,,15209850
2025-09-04 13:54:18.655937+05:30,67.4,,15209850
2025-09-04 13:54:19.152798+05:30,67.5,,15209850
2025-09-04 13:54:19.425960+05:30,67.6,,15209850
2025-09-04 13:54:19.708714+05:30,67.4,,15209850
2025-09-04 13:54:20.425584+05:30,67.65,,15209850
2025-09-04 13:54:20.690388+05:30,67.55,,15209850
2025-09-04 13:54:21.197241+05:30,67.25,,15209850
2025-09-04 13:54:21.685855+05:30,67.1,,15209850
2025-09-04 13:54:22.154525+05:30,67.3,,15209850
2025-09-04 13:54:22.652737+05:30,67.3,,15209850
2025-09-04 13:54:23.152607+05:30,67.5,,15209850
2025-09-04 13:54:23.666304+05:30,67.35,,15209850
2025-09-04 13:54:24.148950+05:30,67.3,,15209850
2025-09-04 13:54:24.709145+05:30,67.35,,15209850
2025-09-04 13:54:25.148826+05:30,67.5,,15209850
2025-09-04 13:54:25.670441+05:30,67.45,,15209850
2025-09-04 13:54:26.489893+05:30,67.55,,15209850
2025-09-04 13:54:26.672162+05:30,67.5,,15209850
2025-09-04 13:54:27.201070+05:30,67.45,,15209850
2025-09-04 13:54:27.707469+05:30,67.6,,15209850
2025-09-04 13:54:28.423223+05:30,67.3,,15209850
2025-09-04 13:54:28.664621+05:30,67.45,,15209850
2025-09-04 13:54:29.153735+05:30,67.5,,15209850
2025-09-04 13:54:29.406747+05:30,67.45,,15209850
2025-09-04 13:54:29.688868+05:30,67.3,,15209850
2025-09-04 13:54:30.468143+05:30,67.5,,15209850
2025-09-04 13:54:30.740671+05:30,67.35,,15209850
2025-09-04 13:54:31.186995+05:30,67.25,,15209850
2025-09-04 13:54:31.690791+05:30,67.2,,15209850
2025-09-04 13:54:32.443772+05:30,67.35,,15209850
2025-09-04 13:54:32.652443+05:30,67.35,,15209850
2025-09-04 13:54:33.447535+05:30,67.75,,15209850
2025-09-04 13:54:33.753946+05:30,67.4,,15209850
2025-09-04 13:54:33.946390+05:30,67.2,,15209850
2025-09-04 13:54:34.170238+05:30,67.45,,15209850
2025-09-04 13:54:34.407823+05:30,67.65,,15209850
2025-09-04 13:54:34.652684+05:30,67.65,,15209850
2025-09-04 13:54:35.436601+05:30,67.5,,15209850
2025-09-04 13:54:35.660002+05:30,67.4,,15209850
2025-09-04 13:54:36.442827+05:30,67.1,,15209850
2025-09-04 13:54:36.703541+05:30,66.45,,15209850
2025-09-04 13:54:37.480419+05:30,66.6,,15209850
2025-09-04 13:54:37.682305+05:30,66.85,,15209850
2025-09-04 13:54:38.468505+05:30,66.65,,15209850
2025-09-04 13:54:38.767871+05:30,66.45,,15209850
2025-09-04 13:54:38.918600+05:30,66.7,,15209850
2025-09-04 13:54:39.153949+05:30,66.7,,15209850
2025-09-04 13:54:39.445593+05:30,66.7,,15209850
2025-09-04 13:54:39.670704+05:30,66.45,,15209850
2025-09-04 13:54:40.423549+05:30,66.35,,15209850
2025-09-04 13:54:40.692404+05:30,66.4,,15209850
2025-09-04 13:54:41.403395+05:30,66.05,,15209850
2025-09-04 13:54:41.658802+05:30,65.85,,15209850
2025-09-04 13:54:42.448648+05:30,65.9,,15209850
2025-09-04 13:54:42.653292+05:30,65.95,,15209850
2025-09-04 13:54:43.153538+05:30,65.65,,15209850
2025-09-04 13:54:43.705313+05:30,65.6,,15209850
2025-09-04 13:54:43.918697+05:30,65.65,,15209850
2025-09-04 13:54:44.177850+05:30,65.45,,15209850
2025-09-04 13:54:44.684926+05:30,65.55,,15209850
2025-09-04 13:54:45.148966+05:30,65.35,,15209850
2025-09-04 13:54:45.427072+05:30,65.15,,15209850
2025-09-04 13:54:45.695898+05:30,65.0,,15209850
2025-09-04 13:54:46.160080+05:30,64.55,,15209850
2025-09-04 13:54:46.701724+05:30,64.75,,15209850
2025-09-04 13:54:47.403518+05:30,64.75,,15209850
2025-09-04 13:54:47.652357+05:30,64.75,,15209850
2025-09-04 13:54:48.454490+05:30,64.75,,15209850
2025-09-04 13:54:48.680320+05:30,64.45,,15209850
2025-09-04 13:54:48.921752+05:30,64.5,,15209850
2025-09-04 13:54:49.441185+05:30,64.45,,15209850
2025-09-04 13:54:49.763076+05:30,64.45,,15209850
2025-09-04 13:54:50.458240+05:30,64.2,,15209850
2025-09-04 13:54:50.709195+05:30,64.0,,15209850
2025-09-04 13:54:51.440901+05:30,64.2,,15209850
2025-09-04 13:54:51.712035+05:30,64.15,,15209850
2025-09-04 13:54:52.152323+05:30,64.25,,15209850
2025-09-04 13:54:52.408945+05:30,64.25,,15209850
2025-09-04 13:54:52.714233+05:30,64.35,,15209850
2025-09-04 13:54:53.452750+05:30,64.35,,15209850
2025-09-04 13:54:53.690329+05:30,64.45,,15209850
2025-09-04 13:54:53.934855+05:30,64.65,,15209850
2025-09-04 13:54:54.168914+05:30,64.7,,15209850
2025-09-04 13:54:54.691149+05:30,64.7,,15209850
2025-09-04 13:54:55.153316+05:30,64.65,,15209850
2025-09-04 13:54:55.414370+05:30,64.8,,15209850
2025-09-04 13:54:55.721730+05:30,64.7,,15209850
2025-09-04 13:54:56.159659+05:30,65.0,,15209850
2025-09-04 13:54:56.691926+05:30,65.1,,15209850
2025-09-04 13:54:57.153834+05:30,64.95,,15209850
2025-09-04 13:54:57.421331+05:30,65.0,,15209850
2025-09-04 13:54:57.684765+05:30,64.95,,15209850
2025-09-04 13:54:58.424534+05:30,65.2,,15209850
2025-09-04 13:54:58.743081+05:30,65.05,,15209850
2025-09-04 13:54:58.918983+05:30,65.1,,15209850
2025-09-04 13:54:59.425430+05:30,64.9,,15209850
2025-09-04 13:54:59.705520+05:30,65.2,,15209850
2025-09-04 13:55:00.420710+05:30,64.9,,15209850
2025-09-04 13:55:00.647575+05:30,64.9,,15209850
2025-09-04 13:55:01.163595+05:30,65.0,,15209850
2025-09-04 13:55:01.703519+05:30,64.9,,15209850
2025-09-04 13:55:02.153829+05:30,64.85,,15209850
2025-09-04 13:55:02.478000+05:30,64.95,,15209850
2025-09-04 13:55:02.691605+05:30,65.0,,15209850
2025-09-04 13:55:03.419252+05:30,65.0,,15209850
2025-09-04 13:55:03.700932+05:30,64.75,,15209850
2025-09-04 13:55:03.902071+05:30,64.65,,15209850
2025-09-04 13:55:04.482645+05:30,64.4,,15209850
2025-09-04 13:55:04.684610+05:30,64.15,,15209850
2025-09-04 13:55:05.436715+05:30,64.05,,15209850
2025-09-04 13:55:05.654231+05:30,64.2,,15209850
2025-09-04 13:55:06.480833+05:30,64.0,,15209850
2025-09-04 13:55:06.691704+05:30,64.05,,15209850
2025-09-04 13:55:07.170322+05:30,64.3,,15209850
2025-09-04 13:55:07.716534+05:30,64.0,,15209850
2025-09-04 13:55:08.403667+05:30,64.35,,15209850
2025-09-04 13:55:08.663143+05:30,64.25,,15209850
2025-09-04 13:55:08.898985+05:30,64.1,,15209850
2025-09-04 13:55:09.182730+05:30,64.25,,15209850
2025-09-04 13:55:09.671000+05:30,64.2,,15209850
2025-09-04 13:55:10.477714+05:30,64.6,,15209850
2025-09-04 13:55:10.682514+05:30,64.45,,15209850
2025-09-04 13:55:11.453293+05:30,64.6,,15549450
2025-09-04 13:55:11.710019+05:30,64.6,,15549450
2025-09-04 13:55:12.191735+05:30,64.5,,15549450
2025-09-04 13:55:12.685550+05:30,64.75,,15549450
2025-09-04 13:55:13.442124+05:30,65.0,,15549450
2025-09-04 13:55:13.713103+05:30,64.85,,15549450
2025-09-04 13:55:13.953046+05:30,64.8,,15549450
2025-09-04 13:55:14.402029+05:30,64.85,,15549450
2025-09-04 13:55:14.652122+05:30,65.0,,15549450
2025-09-04 13:55:15.433622+05:30,64.8,,15549450
2025-09-04 13:55:15.737944+05:30,64.8,,15549450
2025-09-04 13:55:16.403175+05:30,65.0,,15549450
2025-09-04 13:55:16.670604+05:30,65.0,,15549450
2025-09-04 13:55:17.171965+05:30,64.75,,15549450
2025-09-04 13:55:17.419697+05:30,65.0,,15549450
2025-09-04 13:55:17.712589+05:30,64.9,,15549450
2025-09-04 13:55:18.403062+05:30,64.95,,15549450
2025-09-04 13:55:18.727619+05:30,64.35,,15549450
2025-09-04 13:55:18.897319+05:30,64.35,,15549450
2025-09-04 13:55:19.460344+05:30,64.6,,15549450
2025-09-04 13:55:19.674590+05:30,64.65,,15549450
2025-09-04 13:55:20.676293+05:30,64.5,,15549450
2025-09-04 13:55:21.731597+05:30,64.5,,15549450
2025-09-04 13:55:22.168712+05:30,64.65,,15549450
2025-09-04 13:55:22.694849+05:30,64.85,,15549450
2025-09-04 13:55:23.403682+05:30,64.75,,15549450
2025-09-04 13:55:23.696124+05:30,64.8,,15549450
2025-09-04 13:55:23.902602+05:30,64.7,,15549450
2025-09-04 13:55:24.455771+05:30,64.95,,15549450
2025-09-04 13:55:24.687466+05:30,64.9,,15549450
2025-09-04 13:55:25.419126+05:30,64.75,,15549450
2025-09-04 13:55:25.651995+05:30,64.75,,15549450
