time,last_price,volume,oi
2025-09-04 12:10:38.646184+05:30,95.4,,7453875
2025-09-04 12:10:38.888020+05:30,94.2,,7453875
2025-09-04 12:10:39.107661+05:30,94.2,,7453875
2025-09-04 12:10:39.629234+05:30,94.4,,7453875
2025-09-04 12:10:40.109836+05:30,94.75,,7453875
2025-09-04 12:10:40.593599+05:30,95.0,,7453875
2025-09-04 12:10:40.861096+05:30,95.2,,7453875
2025-09-04 12:10:41.108973+05:30,95.1,,7453875
2025-09-04 12:10:41.596112+05:30,94.85,,7453875
2025-09-04 12:10:42.110190+05:30,94.4,,7453875
2025-09-04 12:10:42.368236+05:30,94.55,,7453875
2025-09-04 12:10:42.579755+05:30,94.45,,7453875
2025-09-04 12:10:43.149967+05:30,94.6,,7453875
2025-09-04 12:10:43.662323+05:30,94.6,,7453875
2025-09-04 12:10:44.176512+05:30,94.75,,7453875
2025-09-04 12:10:44.598999+05:30,94.5,,7453875
2025-09-04 12:10:45.090598+05:30,94.1,,7453875
2025-09-04 12:10:45.605948+05:30,93.9,,7453875
2025-09-04 12:10:45.862033+05:30,93.7,,7453875
2025-09-04 12:10:46.101952+05:30,93.65,,7453875
2025-09-04 12:10:46.576390+05:30,93.95,,7453875
2025-09-04 12:10:47.402631+05:30,94.85,,7453875
2025-09-04 12:10:47.596817+05:30,94.65,,7453875
2025-09-04 12:10:48.361708+05:30,94.95,,7453875
2025-09-04 12:10:48.621199+05:30,94.9,,7453875
2025-09-04 12:10:49.115872+05:30,94.75,,7453875
2025-09-04 12:10:49.668936+05:30,94.5,,7453875
2025-09-04 12:10:50.322279+05:30,94.5,,7453875
2025-09-04 12:10:50.630021+05:30,94.4,,7453875
2025-09-04 12:10:50.877550+05:30,94.4,,7453875
2025-09-04 12:10:51.066238+05:30,94.75,,7453875
2025-09-04 12:10:51.690890+05:30,94.65,,7453875
2025-09-04 12:10:52.071202+05:30,94.85,,7453875
2025-09-04 12:10:52.578813+05:30,94.9,,7453875
2025-09-04 12:10:53.099709+05:30,95.25,,7453875
2025-09-04 12:10:53.611023+05:30,95.35,,7453875
2025-09-04 12:10:54.132126+05:30,95.45,,7453875
2025-09-04 12:10:54.645654+05:30,95.55,,7453875
2025-09-04 12:10:55.341991+05:30,96.0,,7453875
2025-09-04 12:10:55.596100+05:30,95.9,,7453875
2025-09-04 12:10:55.849028+05:30,96.15,,7453875
2025-09-04 12:10:56.116167+05:30,95.85,,7453875
2025-09-04 12:10:56.650699+05:30,96.25,,7453875
2025-09-04 12:10:57.418940+05:30,96.1,,7453875
2025-09-04 12:10:57.593598+05:30,96.05,,7453875
2025-09-04 12:10:58.389033+05:30,96.2,,7453875
2025-09-04 12:10:58.594100+05:30,96.3,,7453875
2025-09-04 12:10:59.147821+05:30,96.6,,7453875
2025-09-04 12:10:59.587774+05:30,96.8,,7453875
2025-09-04 12:11:00.140790+05:30,96.85,,7453875
2025-09-04 12:11:00.635826+05:30,97.15,,7453875
2025-09-04 12:11:00.850829+05:30,96.9,,7453875
2025-09-04 12:11:01.076170+05:30,97.15,,7453875
2025-09-04 12:11:01.643454+05:30,97.25,,7453875
2025-09-04 12:11:02.393174+05:30,96.85,,7453875
2025-09-04 12:11:02.610903+05:30,96.15,,7453875
2025-09-04 12:11:03.383739+05:30,96.6,,7453875
2025-09-04 12:11:03.589643+05:30,96.85,,7453875
2025-09-04 12:11:04.119378+05:30,96.95,,7453875
2025-09-04 12:11:04.620538+05:30,96.95,,7453875
2025-09-04 12:11:05.098975+05:30,96.8,,7453875
2025-09-04 12:11:05.606210+05:30,96.75,,7453875
2025-09-04 12:11:05.848165+05:30,96.65,,7453875
2025-09-04 12:11:06.162294+05:30,96.75,,7453875
2025-09-04 12:11:06.648471+05:30,96.5,,7453875
2025-09-04 12:11:07.159802+05:30,96.8,,7453875
2025-09-04 12:11:07.592829+05:30,96.85,,7453875
2025-09-04 12:11:08.095591+05:30,96.95,,7453875
2025-09-04 12:11:08.641538+05:30,96.8,,7453875
2025-09-04 12:11:09.179995+05:30,96.6,,7453875
2025-09-04 12:11:09.579249+05:30,96.45,,7453875
2025-09-04 12:11:10.185125+05:30,96.95,,7453875
2025-09-04 12:11:10.612268+05:30,97.3,,7453875
2025-09-04 12:11:11.181573+05:30,97.25,,7453875
2025-09-04 12:11:11.640686+05:30,97.6,,7453875
2025-09-04 12:11:12.119580+05:30,96.8,,7453875
2025-09-04 12:11:12.630256+05:30,96.3,,7453875
2025-09-04 12:11:13.321503+05:30,96.4,,7453875
2025-09-04 12:11:13.689556+05:30,96.15,,7453875
2025-09-04 12:11:14.152693+05:30,96.35,,7453875
2025-09-04 12:11:14.588877+05:30,96.3,,7453875
2025-09-04 12:11:15.362253+05:30,96.15,,7453875
2025-09-04 12:11:15.700467+05:30,96.3,,7453875
2025-09-04 12:11:16.142495+05:30,96.2,,7453875
2025-09-04 12:11:16.606865+05:30,96.1,,7453875
2025-09-04 12:11:17.402090+05:30,96.0,,7453875
2025-09-04 12:11:17.592794+05:30,96.05,,7453875
2025-09-04 12:11:18.164770+05:30,96.0,,7453875
2025-09-04 12:11:18.585053+05:30,95.75,,7453875
2025-09-04 12:11:19.144952+05:30,96.1,,7453875
2025-09-04 12:11:19.589959+05:30,96.15,,7453875
2025-09-04 12:11:20.394406+05:30,96.05,,7453875
2025-09-04 12:11:20.575924+05:30,95.65,,7453875
2025-09-04 12:11:20.831542+05:30,95.6,,7453875
2025-09-04 12:11:21.088619+05:30,95.6,,7453875
2025-09-04 12:11:21.660786+05:30,95.65,,7453875
2025-09-04 12:11:22.098084+05:30,95.8,,7453875
2025-09-04 12:11:22.354008+05:30,95.8,,7453875
2025-09-04 12:11:22.595803+05:30,95.6,,7453875
2025-09-04 12:11:23.381506+05:30,95.8,,7453875
2025-09-04 12:11:23.576687+05:30,95.65,,7453875
2025-09-04 12:11:24.130028+05:30,95.6,,7453875
2025-09-04 12:11:24.567286+05:30,95.7,,7453875
2025-09-04 12:11:25.417552+05:30,95.45,,7453875
2025-09-04 12:11:25.612610+05:30,95.15,,7453875
2025-09-04 12:11:25.845123+05:30,95.0,,7453875
2025-09-04 12:11:26.158260+05:30,95.1,,7453875
2025-09-04 12:11:26.632196+05:30,95.05,,7453875
2025-09-04 12:11:27.351061+05:30,95.0,,7453875
2025-09-04 12:11:27.586011+05:30,94.95,,7453875
2025-09-04 12:11:28.413415+05:30,94.75,,7453875
2025-09-04 12:11:28.593090+05:30,95.05,,7453875
2025-09-04 12:11:29.206635+05:30,95.25,,7453875
2025-09-04 12:11:29.327334+05:30,95.25,,7453875
2025-09-04 12:11:29.600290+05:30,95.5,,7453875
2025-09-04 12:11:30.399461+05:30,95.95,,7453875
2025-09-04 12:11:30.621933+05:30,95.85,,7453875
2025-09-04 12:11:31.070390+05:30,95.95,,7453875
2025-09-04 12:11:31.322068+05:30,95.9,,7453875
2025-09-04 12:11:31.659563+05:30,95.9,,7453875
2025-09-04 12:11:32.142135+05:30,95.8,,7453875
2025-09-04 12:11:32.397034+05:30,95.8,,7453875
2025-09-04 12:11:32.665826+05:30,95.85,,7453875
2025-09-04 12:11:33.419055+05:30,95.8,,7453875
2025-09-04 12:11:33.560616+05:30,95.65,,7453875
2025-09-04 12:11:34.127634+05:30,95.85,,7453875
2025-09-04 12:11:34.586804+05:30,95.45,,7453875
2025-09-04 12:11:35.369591+05:30,95.75,,7453875
2025-09-04 12:11:35.637300+05:30,95.6,,7453875
2025-09-04 12:11:35.893749+05:30,95.6,,7453875
2025-09-04 12:11:36.088004+05:30,95.65,,7453875
2025-09-04 12:11:36.642926+05:30,95.5,,7453875
2025-09-04 12:11:37.397593+05:30,95.45,,7453875
2025-09-04 12:11:37.635989+05:30,95.35,,7453875
2025-09-04 12:11:38.430703+05:30,95.35,,7453875
2025-09-04 12:11:38.600794+05:30,95.3,,7453875
2025-09-04 12:11:39.120547+05:30,95.3,,7453875
2025-09-04 12:11:39.627863+05:30,94.9,,7453875
2025-09-04 12:11:40.071369+05:30,95.1,,7453875
2025-09-04 12:11:40.648691+05:30,94.65,,7453875
2025-09-04 12:11:41.136721+05:30,94.65,,7453875
2025-09-04 12:11:41.594970+05:30,94.9,,7453875
2025-09-04 12:11:42.438641+05:30,94.75,,7453875
2025-09-04 12:11:42.595379+05:30,94.7,,7453875
2025-09-04 12:11:43.136174+05:30,94.85,,7453875
2025-09-04 12:11:43.609262+05:30,95.0,,7453875
2025-09-04 12:11:44.126231+05:30,95.2,,7453875
2025-09-04 12:11:44.372145+05:30,95.15,,7453875
2025-09-04 12:11:44.571779+05:30,94.8,,7453875
2025-09-04 12:11:45.225637+05:30,94.85,,7453875
2025-09-04 12:11:45.618297+05:30,94.9,,7453875
2025-09-04 12:11:45.831210+05:30,95.0,,7453875
2025-09-04 12:11:46.070144+05:30,94.9,,7453875
2025-09-04 12:11:46.597310+05:30,94.95,,7453875
2025-09-04 12:11:47.108205+05:30,94.95,,7453875
2025-09-04 12:11:47.624750+05:30,94.9,,7453875
2025-09-04 12:11:48.077234+05:30,94.6,,7453875
2025-09-04 12:11:48.595252+05:30,95.8,,7453875
2025-09-04 12:11:49.131386+05:30,94.9,,7453875
2025-09-04 12:11:49.573187+05:30,95.2,,7453875
2025-09-04 12:11:50.404831+05:30,95.15,,7453875
2025-09-04 12:11:50.629287+05:30,95.25,,7453875
2025-09-04 12:11:50.868737+05:30,95.25,,7453875
2025-09-04 12:11:51.179075+05:30,95.2,,7453875
2025-09-04 12:11:51.589947+05:30,95.15,,7453875
2025-09-04 12:11:52.094022+05:30,95.15,,7453875
2025-09-04 12:11:52.422333+05:30,94.7,,7453875
2025-09-04 12:11:52.606143+05:30,94.75,,7453875
2025-09-04 12:11:53.110023+05:30,94.65,,7453875
2025-09-04 12:11:53.612057+05:30,95.05,,7453875
2025-09-04 12:11:54.081486+05:30,94.9,,7453875
2025-09-04 12:11:54.586080+05:30,95.05,,7453875
2025-09-04 12:11:55.340908+05:30,95.0,,7453875
2025-09-04 12:11:55.684913+05:30,94.65,,7453875
2025-09-04 12:11:55.834313+05:30,94.5,,7453875
2025-09-04 12:11:56.070365+05:30,94.7,,7453875
2025-09-04 12:11:56.593962+05:30,94.75,,7453875
2025-09-04 12:11:57.079615+05:30,94.7,,7453875
2025-09-04 12:11:57.411349+05:30,94.45,,7453875
2025-09-04 12:11:57.593087+05:30,94.7,,7453875
2025-09-04 12:11:58.383508+05:30,94.9,,7453875
2025-09-04 12:11:58.625202+05:30,94.7,,7453875
2025-09-04 12:11:59.113202+05:30,94.75,,7453875
2025-09-04 12:11:59.885936+05:30,93.45,,7453875
2025-09-04 12:12:00.118058+05:30,93.55,,7453875
2025-09-04 12:12:00.664469+05:30,93.8,,7453875
2025-09-04 12:12:00.856869+05:30,93.85,,7453875
2025-09-04 12:12:01.114286+05:30,93.9,,7453875
2025-09-04 12:12:01.664598+05:30,94.0,,7453875
2025-09-04 12:12:02.088264+05:30,94.0,,7453875
2025-09-04 12:12:02.446831+05:30,93.15,,7453875
2025-09-04 12:12:02.599484+05:30,93.75,,7453875
2025-09-04 12:12:03.355464+05:30,93.45,,7453875
2025-09-04 12:12:03.628405+05:30,93.65,,7453875
2025-09-04 12:12:04.130994+05:30,93.55,,7453875
2025-09-04 12:12:04.319774+05:30,93.65,,7453875
2025-09-04 12:12:04.633116+05:30,94.1,,7453875
2025-09-04 12:12:05.113940+05:30,94.2,,7453875
2025-09-04 12:12:05.577205+05:30,93.65,,7453875
2025-09-04 12:12:05.856137+05:30,93.45,,7453875
2025-09-04 12:12:06.101248+05:30,93.35,,7453875
2025-09-04 12:12:06.646744+05:30,93.65,,7453875
2025-09-04 12:12:07.360033+05:30,94.15,,7453875
2025-09-04 12:12:07.607820+05:30,94.25,,7453875
2025-09-04 12:12:08.114380+05:30,93.9,,7453875
2025-09-04 12:12:08.617770+05:30,94.0,,7453875
2025-09-04 12:12:09.120830+05:30,94.6,,7453875
2025-09-04 12:12:09.636933+05:30,94.45,,7453875
2025-09-04 12:12:10.459487+05:30,94.35,,7453875
2025-09-04 12:12:10.599956+05:30,94.9,,7453875
2025-09-04 12:12:10.869750+05:30,94.65,,7453875
2025-09-04 12:12:11.168661+05:30,94.75,,7453875
2025-09-04 12:12:11.578982+05:30,94.55,,7453875
2025-09-04 12:12:12.077250+05:30,94.7,,7453875
2025-09-04 12:12:12.370087+05:30,94.55,,7453875
2025-09-04 12:12:12.857935+05:30,94.6,,7453875
2025-09-04 12:12:13.366111+05:30,93.95,,7453875
2025-09-04 12:12:13.601898+05:30,94.3,,7453875
2025-09-04 12:12:14.157884+05:30,94.3,,7453875
2025-09-04 12:12:14.348443+05:30,94.3,,7453875
2025-09-04 12:12:14.629363+05:30,94.1,,7453875
2025-09-04 12:12:15.415311+05:30,94.05,,7453875
2025-09-04 12:12:15.573883+05:30,94.4,,7453875
2025-09-04 12:12:15.869754+05:30,94.25,,7453875
2025-09-04 12:12:16.073142+05:30,94.1,,7453875
2025-09-04 12:12:16.610358+05:30,94.4,,7453875
2025-09-04 12:12:17.404540+05:30,93.8,,7453875
2025-09-04 12:12:17.569733+05:30,93.8,,7453875
2025-09-04 12:12:18.430589+05:30,93.7,,7453875
2025-09-04 12:12:18.581790+05:30,94.0,,7453875
2025-09-04 12:12:19.149812+05:30,93.85,,7453875
2025-09-04 12:12:19.376358+05:30,93.95,,7453875
2025-09-04 12:12:19.612301+05:30,93.7,,7453875
2025-09-04 12:12:20.065455+05:30,93.95,,7453875
2025-09-04 12:12:20.595640+05:30,93.3,,7453875
2025-09-04 12:12:20.819703+05:30,93.15,,7453875
2025-09-04 12:12:21.098590+05:30,93.2,,7453875
2025-09-04 12:12:21.636809+05:30,93.4,,7453875
2025-09-04 12:12:22.372313+05:30,93.55,,7453875
2025-09-04 12:12:22.622080+05:30,93.3,,7453875
2025-09-04 12:12:23.369500+05:30,93.2,,7453875
2025-09-04 12:12:23.590990+05:30,92.7,,7453875
2025-09-04 12:12:24.131035+05:30,92.25,,7453875
2025-09-04 12:12:24.400170+05:30,92.2,,7453875
2025-09-04 12:12:24.565772+05:30,92.2,,7453875
2025-09-04 12:12:25.093487+05:30,92.8,,7453875
2025-09-04 12:12:25.593756+05:30,93.3,,7453875
2025-09-04 12:16:19.294009+05:30,94.9,,7706175
2025-09-04 12:16:19.430973+05:30,94.95,,7706175
2025-09-04 12:16:19.604378+05:30,94.8,,7706175
2025-09-04 12:16:19.830838+05:30,94.8,,7706175
2025-09-04 12:16:20.414939+05:30,94.45,,7706175
2025-09-04 12:16:20.860184+05:30,93.2,,7706175
2025-09-04 12:16:21.069098+05:30,93.2,,7706175
2025-09-04 12:16:21.818552+05:30,93.3,,7706175
2025-09-04 12:16:22.343526+05:30,93.05,,7706175
2025-09-04 12:16:22.818198+05:30,93.4,,7706175
2025-09-04 12:16:23.463991+05:30,93.15,,7706175
2025-09-04 12:16:23.851542+05:30,93.35,,7706175
2025-09-04 12:16:24.318218+05:30,93.3,,7706175
2025-09-04 12:16:24.590546+05:30,93.2,,7706175
2025-09-04 12:16:24.831042+05:30,93.0,,7706175
2025-09-04 12:16:25.391225+05:30,93.05,,7706175
2025-09-04 12:16:25.823213+05:30,92.95,,7706175
2025-09-04 12:16:26.070344+05:30,92.75,,7706175
2025-09-04 12:16:26.322101+05:30,92.55,,7706175
2025-09-04 12:16:26.826146+05:30,92.2,,7706175
2025-09-04 12:16:27.382614+05:30,92.1,,7706175
2025-09-04 12:16:27.834044+05:30,92.8,,7706175
2025-09-04 12:18:25.042082+05:30,93.25,,7706175
2025-09-04 12:18:25.524799+05:30,92.75,,7706175
2025-09-04 12:18:25.780654+05:30,93.05,,7706175
2025-09-04 12:18:26.298831+05:30,92.9,,7706175
2025-09-04 12:18:26.750708+05:30,93.1,,7706175
2025-09-04 12:18:27.281974+05:30,92.85,,7706175
2025-09-04 12:18:27.491118+05:30,92.75,,7706175
2025-09-04 12:18:28.015115+05:30,92.75,,7706175
2025-09-04 12:18:28.280000+05:30,92.75,,7706175
2025-09-04 12:18:29.012612+05:30,92.95,,7706175
2025-09-04 12:18:29.254902+05:30,92.95,,7706175
2025-09-04 12:18:29.461955+05:30,93.05,,7706175
2025-09-04 12:18:30.015358+05:30,92.65,,7706175
2025-09-04 12:18:30.297383+05:30,92.5,,7706175
2025-09-04 12:18:30.713830+05:30,92.15,,7706175
2025-09-04 12:18:31.206793+05:30,92.1,,7706175
2025-09-04 12:18:32.039646+05:30,92.25,,7706175
2025-09-04 12:18:32.270396+05:30,92.5,,7706175
2025-09-04 12:18:32.513993+05:30,92.4,,7706175
2025-09-04 12:18:33.050454+05:30,92.35,,7706175
2025-09-04 12:18:33.233800+05:30,92.1,,7706175
2025-09-04 12:18:33.954378+05:30,92.5,,7706175
2025-09-04 12:18:34.211189+05:30,92.6,,7706175
2025-09-04 12:18:35.034885+05:30,92.45,,7706175
2025-09-04 12:18:35.255033+05:30,92.0,,7706175
2025-09-04 12:18:35.715943+05:30,92.3,,7706175
2025-09-04 12:18:36.032817+05:30,92.5,,7706175
2025-09-04 12:18:36.281969+05:30,92.3,,7706175
2025-09-04 12:18:37.028191+05:30,92.55,,7706175
2025-09-04 12:18:37.268512+05:30,92.35,,7706175
2025-09-04 12:18:37.491851+05:30,92.45,,7706175
2025-09-04 12:18:37.998632+05:30,92.0,,7706175
2025-09-04 12:18:38.554713+05:30,92.0,,7706175
2025-09-04 12:18:38.992027+05:30,91.85,,7706175
2025-09-04 12:18:39.239848+05:30,91.6,,7706175
2025-09-04 12:18:40.012838+05:30,91.65,,7706175
2025-09-04 12:18:40.287825+05:30,91.65,,7706175
2025-09-04 12:18:40.720050+05:30,91.65,,7706175
2025-09-04 12:18:41.005071+05:30,91.5,,7706175
2025-09-04 12:18:41.522276+05:30,92.0,,7706175
2025-09-04 12:18:41.992395+05:30,91.8,,7706175
2025-09-04 12:18:42.274073+05:30,91.75,,7706175
2025-09-04 12:18:42.503574+05:30,92.1,,7706175
2025-09-04 12:18:42.994757+05:30,91.9,,7706175
2025-09-04 12:18:43.516196+05:30,92.1,,7706175
2025-09-04 12:18:44.009755+05:30,91.9,,7706175
2025-09-04 12:18:44.242482+05:30,92.0,,7706175
2025-09-04 12:18:44.961153+05:30,91.9,,7706175
2025-09-04 12:18:45.248480+05:30,92.2,,7706175
2025-09-04 12:18:45.731727+05:30,91.8,,7706175
2025-09-04 12:18:45.951565+05:30,91.9,,7706175
2025-09-04 12:18:46.279986+05:30,91.9,,7706175
2025-09-04 12:18:46.968257+05:30,91.8,,7706175
2025-09-04 12:18:47.208452+05:30,91.55,,7706175
2025-09-04 12:18:47.483571+05:30,91.5,,7706175
2025-09-04 12:18:48.018136+05:30,91.35,,7706175
2025-09-04 12:18:48.560965+05:30,91.4,,7706175
2025-09-04 12:18:49.013823+05:30,91.5,,7706175
2025-09-04 12:18:49.220086+05:30,91.5,,7706175
2025-09-04 12:18:50.049487+05:30,91.5,,7706175
2025-09-04 12:18:50.255330+05:30,91.45,,7706175
2025-09-04 12:18:50.709796+05:30,91.6,,7706175
2025-09-04 12:18:51.028328+05:30,91.65,,7706175
2025-09-04 12:18:51.511083+05:30,91.4,,7706175
2025-09-04 12:18:52.022949+05:30,91.1,,7706175
2025-09-04 12:18:52.496462+05:30,91.55,,7706175
2025-09-04 12:18:52.991912+05:30,91.35,,7706175
2025-09-04 12:18:53.237549+05:30,91.3,,7706175
2025-09-04 12:18:53.990744+05:30,90.6,,7706175
2025-09-04 12:18:54.228380+05:30,90.3,,7706175
2025-09-04 12:18:55.036658+05:30,90.75,,7706175
2025-09-04 12:18:55.236054+05:30,90.65,,7651275
2025-09-04 12:18:55.703165+05:30,90.65,,7651275
2025-09-04 12:18:56.308862+05:30,91.15,,7651275
2025-09-04 12:18:56.984056+05:30,90.95,,7651275
2025-09-04 12:18:57.570574+05:30,90.5,,7651275
2025-09-04 12:18:57.989540+05:30,90.4,,7651275
2025-09-04 12:18:58.253999+05:30,89.1,,7651275
2025-09-04 12:18:58.986855+05:30,89.35,,7651275
2025-09-04 12:18:59.208784+05:30,89.25,,7651275
2025-09-04 12:19:00.029937+05:30,88.85,,7651275
2025-09-04 12:19:00.567516+05:30,88.95,,7651275
2025-09-04 12:19:00.715075+05:30,88.85,,7651275
2025-09-04 12:19:01.504963+05:30,89.35,,7651275
2025-09-04 12:19:02.014233+05:30,89.75,,7651275
2025-09-04 12:19:02.269025+05:30,89.85,,7651275
2025-09-04 12:19:02.503608+05:30,89.75,,7651275
2025-09-04 12:19:02.978218+05:30,89.65,,7651275
2025-09-04 12:19:03.236795+05:30,89.9,,7651275
2025-09-04 12:19:04.001767+05:30,89.85,,7651275
2025-09-04 12:19:04.225129+05:30,90.2,,7651275
2025-09-04 12:19:05.076171+05:30,90.4,,7651275
2025-09-04 12:19:05.233366+05:30,90.1,,7651275
2025-09-04 12:19:05.738599+05:30,90.35,,7651275
2025-09-04 12:19:06.543782+05:30,90.2,,7651275
2025-09-04 12:33:57.520647+05:30,90.7,,7913250
2025-09-04 12:33:57.740918+05:30,90.4,,7913250
2025-09-04 12:33:57.916686+05:30,90.65,,7906950
2025-09-04 12:33:58.409904+05:30,90.75,,7906950
2025-09-04 12:33:58.887079+05:30,91.0,,7906950
2025-09-04 12:33:59.195665+05:30,91.2,,7906950
2025-09-04 12:33:59.464917+05:30,91.4,,7906950
2025-09-04 12:33:59.933573+05:30,91.55,,7906950
2025-09-04 12:34:00.697091+05:30,91.35,,7906950
2025-09-04 12:34:00.901017+05:30,91.1,,7906950
2025-09-04 12:34:01.678978+05:30,91.5,,7906950
2025-09-04 12:34:02.153400+05:30,91.15,,7906950
2025-09-04 12:34:02.632146+05:30,91.25,,7906950
2025-09-04 12:34:03.141180+05:30,91.3,,7906950
2025-09-04 12:34:03.409779+05:30,91.85,,7906950
2025-09-04 12:34:04.127005+05:30,91.55,,7906950
2025-09-04 12:34:04.377067+05:30,91.85,,7906950
2025-09-04 12:34:04.978699+05:30,92.3,,7906950
2025-09-04 12:34:05.377172+05:30,92.4,,7906950
2025-09-04 12:34:05.922973+05:30,92.55,,7906950
2025-09-04 12:34:06.190047+05:30,92.45,,7906950
2025-09-04 12:34:06.373174+05:30,92.5,,7906950
2025-09-04 12:34:07.197084+05:30,92.65,,7906950
2025-09-04 12:34:07.389091+05:30,93.0,,7906950
2025-09-04 12:34:08.211936+05:30,92.3,,7906950
2025-09-04 12:34:08.713262+05:30,92.1,,7906950
2025-09-04 12:34:09.188215+05:30,92.35,,7906950
2025-09-04 12:34:09.626935+05:30,91.8,,7906950
2025-09-04 12:34:09.926343+05:30,91.6,,7906950
2025-09-04 12:34:10.376862+05:30,91.7,,7906950
2025-09-04 12:34:10.901597+05:30,91.85,,7906950
2025-09-04 12:34:11.377827+05:30,91.45,,7906950
2025-09-04 12:34:12.126922+05:30,91.6,,7906950
2025-09-04 12:34:12.389426+05:30,91.6,,7906950
2025-09-04 12:34:13.127017+05:30,91.6,,7906950
2025-09-04 12:34:13.407004+05:30,91.55,,7906950
2025-09-04 12:34:14.171834+05:30,91.6,,7906950
2025-09-04 12:34:14.478959+05:30,91.3,,7906950
2025-09-04 12:34:14.991269+05:30,91.55,,7906950
2025-09-04 12:34:15.446336+05:30,91.3,,7906950
2025-09-04 12:34:15.922395+05:30,91.3,,7906950
2025-09-04 12:34:16.622284+05:30,90.85,,7906950
2025-09-04 12:34:17.147899+05:30,90.5,,7906950
2025-09-04 12:34:17.393955+05:30,90.7,,7906950
2025-09-04 12:34:18.126936+05:30,90.5,,7906950
2025-09-04 12:34:18.481833+05:30,90.55,,7906950
2025-09-04 12:34:18.650513+05:30,90.75,,7906950
2025-09-04 12:34:19.227544+05:30,90.85,,7906950
2025-09-04 12:34:19.433927+05:30,90.65,,7906950
2025-09-04 12:34:19.954400+05:30,90.85,,7906950
2025-09-04 12:34:20.433089+05:30,91.15,,7906950
2025-09-04 12:34:20.876869+05:30,91.15,,7906950
2025-09-04 12:34:21.383929+05:30,90.95,,7906950
2025-09-04 12:34:22.126934+05:30,90.95,,7906950
2025-09-04 12:34:22.379117+05:30,90.8,,7906950
2025-09-04 12:34:23.126798+05:30,90.8,,7906950
2025-09-04 12:34:23.474922+05:30,90.7,,7906950
2025-09-04 12:34:24.195960+05:30,91.05,,7906950
2025-09-04 12:34:24.458038+05:30,91.15,,7906950
2025-09-04 12:34:24.876897+05:30,90.9,,7906950
2025-09-04 12:34:25.412588+05:30,90.95,,7906950
2025-09-04 12:34:25.693405+05:30,91.0,,7906950
2025-09-04 12:34:26.170956+05:30,90.7,,7906950
2025-09-04 12:34:26.626698+05:30,90.15,,7906950
2025-09-04 12:34:27.122831+05:30,89.9,,7906950
2025-09-04 12:34:27.382486+05:30,90.05,,7906950
2025-09-04 12:34:28.174340+05:30,90.0,,7906950
2025-09-04 12:34:28.498860+05:30,90.15,,7906950
2025-09-04 12:34:29.248388+05:30,90.1,,7906950
2025-09-04 12:34:29.411446+05:30,90.35,,7906950
2025-09-04 12:34:29.975965+05:30,90.6,,7906950
2025-09-04 12:34:30.423236+05:30,90.85,,7906950
2025-09-04 12:34:30.639454+05:30,91.0,,7906950
2025-09-04 12:34:31.189543+05:30,90.95,,7906950
2025-09-04 12:34:31.416010+05:30,90.95,,7906950
2025-09-04 12:34:32.151082+05:30,90.75,,7906950
2025-09-04 12:34:32.698594+05:30,90.15,,7906950
2025-09-04 12:34:33.132421+05:30,90.3,,7906950
2025-09-04 12:34:33.622171+05:30,90.35,,7906950
2025-09-04 12:34:34.171420+05:30,90.25,,7906950
2025-09-04 12:34:34.454329+05:30,90.25,,7906950
2025-09-04 12:34:34.978836+05:30,90.0,,7906950
2025-09-04 12:34:35.204723+05:30,90.0,,7906950
2025-09-04 12:34:35.408317+05:30,90.45,,7906950
2025-09-04 12:34:35.876438+05:30,90.0,,7906950
2025-09-04 12:34:36.453515+05:30,90.1,,7906950
2025-09-04 12:34:37.233203+05:30,90.1,,7906950
2025-09-04 12:34:37.457982+05:30,90.15,,7906950
2025-09-04 12:34:37.626808+05:30,89.9,,7906950
2025-09-04 12:34:38.122387+05:30,90.0,,7906950
2025-09-04 12:34:38.373290+05:30,90.0,,7906950
2025-09-04 12:34:39.152812+05:30,89.8,,7906950
2025-09-04 12:34:39.425961+05:30,89.5,,7906950
2025-09-04 12:34:39.871719+05:30,89.5,,7906950
2025-09-04 12:34:40.436050+05:30,89.4,,7906950
2025-09-04 12:34:40.977587+05:30,89.05,,7906950
2025-09-04 12:34:41.410298+05:30,88.65,,7906950
2025-09-04 12:34:42.197914+05:30,88.8,,7906950
2025-09-04 12:34:42.376238+05:30,88.8,,7906950
2025-09-04 12:34:43.159170+05:30,89.3,,7906950
2025-09-04 12:34:43.494904+05:30,89.1,,7906950
2025-09-04 12:34:44.244970+05:30,89.2,,7906950
2025-09-04 12:34:44.499559+05:30,88.95,,7906950
2025-09-04 12:34:44.897980+05:30,89.15,,7906950
2025-09-04 12:34:45.457533+05:30,89.2,,7906950
2025-09-04 12:34:45.874316+05:30,89.15,,7906950
2025-09-04 12:34:46.448748+05:30,89.2,,7906950
2025-09-04 12:34:47.243134+05:30,89.1,,7906950
2025-09-04 12:34:47.627150+05:30,89.15,,7906950
2025-09-04 12:34:48.204897+05:30,88.75,,7906950
2025-09-04 12:34:48.495783+05:30,88.7,,7906950
2025-09-04 12:34:49.233628+05:30,88.65,,7906950
2025-09-04 12:34:49.388022+05:30,88.95,,7906950
2025-09-04 12:34:50.161019+05:30,88.85,,7906950
2025-09-04 12:34:50.466616+05:30,88.75,,7906950
2025-09-04 12:34:50.921275+05:30,88.65,,7906950
2025-09-04 12:34:51.422768+05:30,88.4,,7906950
2025-09-04 12:34:52.160396+05:30,88.35,,7906950
2025-09-04 12:34:52.406118+05:30,88.65,,7906950
2025-09-04 12:34:53.126132+05:30,88.7,,7906950
2025-09-04 12:34:53.372749+05:30,88.6,,7906950
2025-09-04 12:34:54.168787+05:30,88.5,,7906950
2025-09-04 12:34:54.412871+05:30,88.6,,7906950
2025-09-04 12:34:54.882169+05:30,88.75,,7906950
2025-09-04 12:34:55.675735+05:30,88.65,,7906950
2025-09-04 12:34:55.898434+05:30,88.75,,7906950
2025-09-04 12:34:56.538214+05:30,88.6,,7906950
2025-09-04 12:34:57.218825+05:30,88.2,,7906950
2025-09-04 12:34:57.630660+05:30,88.6,,7906950
2025-09-04 12:34:58.126316+05:30,88.55,,7906950
2025-09-04 12:34:58.626134+05:30,88.6,,7906950
2025-09-04 12:34:59.147126+05:30,88.2,,7906950
2025-09-04 12:34:59.684223+05:30,88.25,,7906950
2025-09-04 12:34:59.919978+05:30,88.3,,7906950
2025-09-04 12:35:00.622369+05:30,88.25,,7906950
2025-09-04 12:35:01.160650+05:30,87.7,,7906950
2025-09-04 12:35:01.690250+05:30,87.95,,7906950
2025-09-04 12:35:02.163910+05:30,88.05,,7906950
2025-09-04 12:35:02.628000+05:30,88.05,,7906950
2025-09-04 12:35:03.136424+05:30,88.2,,7906950
2025-09-04 12:35:03.764078+05:30,88.3,,7906950
2025-09-04 12:35:04.121474+05:30,88.25,,7906950
2025-09-04 12:35:04.653821+05:30,88.2,,7906950
2025-09-04 12:35:04.973426+05:30,87.5,,7906950
2025-09-04 12:35:05.675358+05:30,87.6,,7906950
2025-09-04 12:35:05.875905+05:30,87.25,,7906950
2025-09-04 12:35:06.188590+05:30,86.85,,7906950
2025-09-04 12:35:06.375985+05:30,87.2,,7906950
2025-09-04 12:35:07.126481+05:30,87.3,,7906950
2025-09-04 12:35:07.621051+05:30,87.45,,7906950
2025-09-04 12:35:08.155343+05:30,87.7,,7906950
2025-09-04 12:35:08.714196+05:30,87.75,,7906950
2025-09-04 12:35:09.125880+05:30,88.15,,7906950
2025-09-04 12:35:09.667663+05:30,88.15,,7906950
2025-09-04 12:35:09.914696+05:30,88.45,,7906950
2025-09-04 12:35:10.653080+05:30,88.2,,7906950
2025-09-04 12:35:10.917769+05:30,88.1,,7906950
2025-09-04 12:35:11.458743+05:30,87.8,,7906950
2025-09-04 12:35:12.128775+05:30,87.7,,7906950
2025-09-04 12:35:12.649959+05:30,87.85,,7906950
2025-09-04 12:35:13.189968+05:30,87.65,,7906950
2025-09-04 12:35:13.690075+05:30,87.9,,7906950
2025-09-04 12:35:14.153098+05:30,87.7,,7906950
2025-09-04 12:35:14.677941+05:30,87.95,,7906950
2025-09-04 12:35:14.871549+05:30,87.85,,7906950
2025-09-04 12:35:15.653184+05:30,88.05,,7906950
2025-09-04 12:35:15.909864+05:30,87.95,,7906950
2025-09-04 12:35:16.497859+05:30,88.05,,7906950
2025-09-04 12:35:17.125812+05:30,88.75,,7906950
2025-09-04 12:35:17.644099+05:30,88.5,,7906950
2025-09-04 12:35:18.158715+05:30,88.55,,7906950
2025-09-04 12:35:18.627137+05:30,88.45,,7906950
2025-09-04 12:35:19.183986+05:30,88.3,,7906950
2025-09-04 12:35:19.683763+05:30,88.35,,7906950
2025-09-04 12:35:19.922746+05:30,88.5,,7906950
2025-09-04 12:35:20.623156+05:30,88.2,,7906950
2025-09-04 12:35:20.919922+05:30,88.4,,7906950
2025-09-04 12:35:21.126298+05:30,88.25,,7906950
2025-09-04 12:35:21.376103+05:30,88.3,,7906950
2025-09-04 12:35:22.191088+05:30,88.45,,7906950
2025-09-04 12:35:22.641567+05:30,88.4,,7906950
2025-09-04 12:35:23.215593+05:30,88.35,,7906950
2025-09-04 12:35:23.690192+05:30,88.3,,7906950
2025-09-04 12:35:24.147820+05:30,88.5,,7906950
2025-09-04 12:35:24.372297+05:30,88.5,,7906950
2025-09-04 12:35:24.623491+05:30,88.5,,7906950
2025-09-04 12:35:24.872341+05:30,88.55,,7906950
2025-09-04 12:35:25.159863+05:30,88.55,,7906950
2025-09-04 12:35:25.709617+05:30,88.45,,7906950
2025-09-04 12:35:25.889995+05:30,88.3,,7906950
2025-09-04 12:35:26.136964+05:30,88.65,,7906950
2025-09-04 12:35:26.410181+05:30,88.75,,7906950
2025-09-04 12:35:27.218694+05:30,88.65,,7906950
2025-09-04 12:35:27.371096+05:30,88.7,,7906950
2025-09-04 13:44:22.144626+05:30,85.75,,7897275
2025-09-04 13:44:22.235637+05:30,85.6,,7897275
2025-09-04 13:44:22.934956+05:30,85.6,,7897275
2025-09-04 13:44:23.162806+05:30,85.6,,7897275
2025-09-04 13:44:23.551326+05:30,85.5,,7897275
2025-09-04 13:44:23.706582+05:30,85.45,,7897275
2025-09-04 13:44:24.194765+05:30,85.45,,7897275
2025-09-04 13:44:24.409181+05:30,85.55,,7897275
2025-09-04 13:44:24.656370+05:30,85.6,,7897275
2025-09-04 13:44:25.218029+05:30,85.55,,7897275
2025-09-04 13:44:26.228598+05:30,85.75,,7897275
2025-09-04 13:44:26.408384+05:30,85.8,,7897275
2025-09-04 13:44:27.175139+05:30,86.15,,7897275
2025-09-04 13:44:27.939254+05:30,86.9,,7897275
2025-09-04 13:44:28.174692+05:30,86.75,,7897275
2025-09-04 13:44:28.470707+05:30,86.65,,7897275
2025-09-04 13:44:28.740505+05:30,86.6,,7897275
2025-09-04 13:44:29.230393+05:30,86.9,,7897275
2025-09-04 13:44:29.658518+05:30,86.3,,7897275
2025-09-04 13:44:30.172431+05:30,86.25,,7897275
2025-09-04 13:44:30.660016+05:30,86.25,,7897275
2025-09-04 13:44:31.216594+05:30,86.5,,7897275
2025-09-04 13:44:31.512967+05:30,86.6,,7897275
2025-09-04 13:44:32.282608+05:30,86.9,,7897275
2025-09-04 13:44:32.658937+05:30,86.65,,7897275
2025-09-04 13:44:32.965596+05:30,86.7,,7897275
2025-09-04 13:44:33.218769+05:30,87.0,,7897275
2025-09-04 13:44:33.469327+05:30,86.95,,7897275
2025-09-04 13:44:33.665144+05:30,86.9,,7897275
2025-09-04 13:44:34.185702+05:30,86.7,,7897275
2025-09-04 13:44:34.457582+05:30,86.5,,7897275
2025-09-04 13:44:34.658436+05:30,86.7,,7897275
2025-09-04 13:44:35.170713+05:30,86.7,,7897275
2025-09-04 13:44:35.409135+05:30,86.9,,7897275
2025-09-04 13:44:36.181193+05:30,86.6,,7897275
2025-09-04 13:44:37.166161+05:30,86.5,,7897275
2025-09-04 13:44:37.658929+05:30,86.5,,7897275
2025-09-04 13:44:37.935619+05:30,86.5,,7897275
2025-09-04 13:44:38.180426+05:30,86.4,,7897275
2025-09-04 13:44:38.512469+05:30,86.55,,7897275
2025-09-04 13:44:38.679818+05:30,86.55,,7897275
2025-09-04 13:44:39.170733+05:30,86.35,,7897275
2025-09-04 13:44:39.412637+05:30,86.5,,7897275
2025-09-04 13:44:39.660667+05:30,86.65,,7897275
2025-09-04 13:44:40.272253+05:30,86.6,,7897275
2025-09-04 13:44:40.425881+05:30,86.7,,7897275
2025-09-04 13:44:41.179907+05:30,86.6,,7897275
2025-09-04 13:44:41.430635+05:30,86.65,,7897275
2025-09-04 13:44:42.161790+05:30,86.6,,7897275
2025-09-04 13:44:42.436276+05:30,86.45,,7897275
2025-09-04 13:44:42.929470+05:30,86.9,,7897275
2025-09-04 13:44:43.165211+05:30,87.45,,7897275
2025-09-04 13:44:43.416819+05:30,87.45,,7897275
2025-09-04 13:44:43.685707+05:30,87.4,,7897275
2025-09-04 13:44:44.179727+05:30,87.3,,7897275
2025-09-04 13:44:44.438342+05:30,87.3,,7897275
2025-09-04 13:44:44.675038+05:30,87.4,,7897275
2025-09-04 13:44:45.169401+05:30,87.4,,7897275
2025-09-04 13:44:45.460946+05:30,87.4,,7897275
2025-09-04 13:44:46.181730+05:30,87.5,,7897275
2025-09-04 13:44:46.437293+05:30,87.65,,7897275
2025-09-04 13:44:47.176277+05:30,87.7,,7897275
2025-09-04 13:44:47.425480+05:30,87.75,,7897275
2025-09-04 13:44:47.930786+05:30,87.9,,7897275
2025-09-04 13:44:48.180986+05:30,87.7,,7897275
2025-09-04 13:44:48.424867+05:30,87.9,,7897275
2025-09-04 13:44:48.664509+05:30,87.7,,7897275
2025-09-04 13:44:49.210085+05:30,87.8,,7897275
2025-09-04 13:44:49.421138+05:30,87.75,,7897275
2025-09-04 13:44:50.208381+05:30,87.55,,7897275
2025-09-04 13:44:51.247273+05:30,87.3,,7897275
2025-09-04 13:44:51.497835+05:30,87.3,,7897275
2025-09-04 13:44:52.178642+05:30,87.5,,7897275
2025-09-04 13:44:52.443874+05:30,87.65,,7897275
2025-09-04 13:44:52.917612+05:30,88.2,,7897275
2025-09-04 13:44:53.165136+05:30,88.0,,7897275
2025-09-04 13:44:53.453399+05:30,88.05,,7897275
2025-09-04 13:44:53.690908+05:30,87.8,,7897275
2025-09-04 13:44:54.186575+05:30,87.9,,7897275
2025-09-04 13:44:54.420492+05:30,87.85,,7897275
2025-09-04 13:44:55.169721+05:30,87.9,,7897275
2025-09-04 13:44:55.424972+05:30,87.75,,7897275
2025-09-04 13:44:56.165881+05:30,87.7,,7897275
2025-09-04 13:44:56.509592+05:30,87.65,,7897275
2025-09-04 13:44:57.230067+05:30,87.3,,7897275
2025-09-04 13:44:57.405189+05:30,87.35,,7897275
2025-09-04 13:44:57.903731+05:30,87.3,,7897275
2025-09-04 13:44:58.229314+05:30,87.3,,7897275
2025-09-04 13:44:58.430752+05:30,87.1,,7897275
2025-09-04 13:44:58.692204+05:30,87.55,,7897275
2025-09-04 13:44:59.205845+05:30,87.2,,7897275
2025-09-04 13:44:59.409114+05:30,87.15,,7897275
2025-09-04 13:45:00.260031+05:30,87.35,,7897275
2025-09-04 13:45:00.679599+05:30,87.35,,7897275
2025-09-04 13:45:01.226402+05:30,87.0,,7897275
2025-09-04 13:45:02.176532+05:30,87.05,,7897275
2025-09-04 13:45:02.658793+05:30,87.2,,7897275
2025-09-04 13:45:02.924330+05:30,87.2,,7897275
2025-09-04 13:45:03.175853+05:30,87.2,,7897275
2025-09-04 13:45:03.418581+05:30,87.2,,7897275
2025-09-04 13:45:03.691520+05:30,87.3,,7897275
2025-09-04 13:45:04.259090+05:30,87.3,,7897275
2025-09-04 13:45:04.408880+05:30,87.05,,7897275
2025-09-04 13:45:05.168772+05:30,87.25,,7897275
2025-09-04 13:45:06.165668+05:30,86.8,,7897275
2025-09-04 13:45:06.409651+05:30,86.9,,7897275
2025-09-04 13:45:07.178853+05:30,86.95,,7897275
2025-09-04 13:45:07.422585+05:30,86.8,,7897275
2025-09-04 13:45:07.924296+05:30,87.15,,7897275
2025-09-04 13:45:08.199763+05:30,87.1,,7897275
2025-09-04 13:45:08.437850+05:30,87.15,,7897275
2025-09-04 13:45:08.924352+05:30,87.15,,7897275
2025-09-04 13:45:09.162775+05:30,86.85,,7897275
2025-09-04 13:45:09.416639+05:30,86.7,,7897275
2025-09-04 13:45:10.215099+05:30,86.65,,7897275
2025-09-04 13:45:10.432642+05:30,86.9,,7897275
2025-09-04 13:45:11.217021+05:30,86.55,,7897275
2025-09-04 13:45:11.421017+05:30,86.8,,7897275
2025-09-04 13:45:12.191895+05:30,86.75,,7897275
2025-09-04 13:45:12.417257+05:30,86.9,,7897275
2025-09-04 13:45:12.924520+05:30,87.6,,7897275
2025-09-04 13:45:13.299793+05:30,87.4,,7897275
2025-09-04 13:45:13.491489+05:30,87.3,,7897275
2025-09-04 13:45:13.962149+05:30,87.35,,7897275
2025-09-04 13:45:14.297634+05:30,87.4,,7897275
2025-09-04 13:45:14.484257+05:30,87.45,,7897275
2025-09-04 13:45:15.158372+05:30,87.4,,7897275
2025-09-04 13:45:15.426036+05:30,87.2,,7897275
2025-09-04 13:45:16.263961+05:30,87.9,,7897275
2025-09-04 13:45:16.662902+05:30,88.0,,7897275
2025-09-04 13:45:17.249550+05:30,87.8,,7897275
2025-09-04 13:45:17.472321+05:30,87.55,,7897275
2025-09-04 13:45:18.158963+05:30,87.85,,7897275
2025-09-04 13:45:18.508583+05:30,87.65,,7897275
2025-09-04 13:45:18.958167+05:30,87.85,,7897275
2025-09-04 13:45:19.226795+05:30,88.0,,7897275
2025-09-04 13:45:19.399256+05:30,88.2,,7897275
2025-09-04 13:45:20.201086+05:30,87.9,,7897275
2025-09-04 13:45:20.517994+05:30,88.15,,7897275
2025-09-04 13:45:21.214545+05:30,88.1,,7897275
2025-09-04 13:45:21.549761+05:30,87.9,,7897275
2025-09-04 13:45:22.274679+05:30,88.4,,7897275
2025-09-04 13:45:22.454911+05:30,88.2,,7897275
2025-09-04 13:45:23.186285+05:30,88.8,,7897275
2025-09-04 13:45:23.653618+05:30,88.7,,7897275
2025-09-04 13:45:23.952016+05:30,88.45,,7897275
2025-09-04 13:45:24.238811+05:30,89.05,,7897275
2025-09-04 13:45:24.408268+05:30,89.3,,7897275
2025-09-04 13:45:25.169146+05:30,88.8,,7897275
2025-09-04 13:45:25.498417+05:30,89.0,,7897275
2025-09-04 13:45:26.231473+05:30,89.5,,7897275
2025-09-04 13:45:26.430729+05:30,89.45,,7897275
2025-09-04 13:45:27.254396+05:30,89.05,,7897275
2025-09-04 13:45:27.464653+05:30,89.0,,7897275
2025-09-04 13:45:28.230699+05:30,88.75,,7897275
2025-09-04 13:45:28.521147+05:30,88.9,,7897275
2025-09-04 13:45:28.911438+05:30,88.85,,7897275
2025-09-04 13:45:29.178953+05:30,88.65,,7897275
2025-09-04 13:45:29.667591+05:30,88.8,,7897275
2025-09-04 13:45:30.481857+05:30,88.75,,7897275
2025-09-04 13:45:30.679161+05:30,88.75,,7897275
2025-09-04 13:45:31.181272+05:30,88.45,,7897275
2025-09-04 13:45:31.424930+05:30,88.65,,7897275
2025-09-04 13:45:32.424665+05:30,87.9,,7897275
2025-09-04 13:45:33.179186+05:30,87.85,,7897275
2025-09-04 13:45:33.442610+05:30,87.9,,7897275
2025-09-04 13:45:33.962375+05:30,87.7,,7897275
2025-09-04 13:45:34.671177+05:30,87.85,,7897275
2025-09-04 13:45:35.207193+05:30,87.75,,7897275
2025-09-04 13:45:36.435551+05:30,87.85,,7897275
2025-09-04 13:45:37.267558+05:30,87.75,,7897275
2025-09-04 13:45:37.445219+05:30,87.9,,7897275
2025-09-04 13:45:38.158990+05:30,87.45,,7897275
2025-09-04 13:45:38.430021+05:30,87.55,,7897275
2025-09-04 13:45:38.957702+05:30,87.55,,7897275
2025-09-04 13:45:39.434799+05:30,87.4,,7897275
2025-09-04 13:45:39.690352+05:30,87.4,,7897275
2025-09-04 13:45:40.227985+05:30,87.55,,7897275
2025-09-04 13:45:40.420767+05:30,87.5,,7897275
2025-09-04 13:45:41.180757+05:30,87.65,,7897275
2025-09-04 13:45:41.479782+05:30,87.6,,7897275
2025-09-04 13:45:42.233822+05:30,87.55,,7897275
2025-09-04 13:45:42.439784+05:30,87.4,,7897275
2025-09-04 13:45:43.271438+05:30,87.45,,7897275
2025-09-04 13:45:43.729219+05:30,87.5,,7897275
2025-09-04 13:45:43.963596+05:30,87.5,,7897275
2025-09-04 13:45:44.158838+05:30,87.35,,7897275
2025-09-04 13:45:44.676200+05:30,87.3,,7897275
2025-09-04 13:45:45.166916+05:30,87.6,,7897275
2025-09-04 13:45:45.494847+05:30,87.9,,7897275
2025-09-04 13:45:46.214828+05:30,87.85,,7897275
2025-09-04 13:45:46.433964+05:30,88.3,,7897275
2025-09-04 13:45:47.232194+05:30,88.15,,7897275
2025-09-04 13:45:47.475905+05:30,88.3,,7897275
2025-09-04 13:45:48.159245+05:30,88.45,,7897275
2025-09-04 13:45:48.961429+05:30,88.45,,7897275
2025-09-04 13:45:49.158975+05:30,88.0,,7897275
2025-09-04 13:45:49.421899+05:30,87.95,,7897275
2025-09-04 13:45:49.676790+05:30,88.2,,7897275
2025-09-04 13:45:50.213138+05:30,88.05,,7897275
2025-09-04 13:45:50.411460+05:30,88.15,,7897275
2025-09-04 13:45:51.199773+05:30,88.95,,7897275
2025-09-04 13:45:51.442226+05:30,88.55,,7897275
2025-09-04 13:45:52.498609+05:30,88.55,,7897275
2025-09-04 13:45:53.185787+05:30,88.75,,7897275
2025-09-04 13:45:53.961835+05:30,88.45,,7897275
2025-09-04 13:45:54.424596+05:30,88.6,,7897275
2025-09-04 13:45:54.673789+05:30,88.6,,7897275
2025-09-04 13:45:55.408840+05:30,88.6,,7897275
2025-09-04 13:45:56.430906+05:30,88.8,,7897275
2025-09-04 13:45:57.258999+05:30,88.85,,7897275
2025-09-04 13:45:57.431223+05:30,88.75,,7897275
2025-09-04 13:45:58.184722+05:30,88.75,,7897275
2025-09-04 13:45:58.432507+05:30,88.7,,7897275
2025-09-04 13:45:58.979747+05:30,88.4,,7897275
2025-09-04 13:45:59.458296+05:30,88.25,,7897275
2025-09-04 13:45:59.657218+05:30,88.35,,7897275
2025-09-04 13:46:00.475586+05:30,88.15,,7897275
2025-09-04 13:46:00.657724+05:30,88.15,,7897275
2025-09-04 13:46:01.215158+05:30,88.3,,7897275
2025-09-04 13:46:01.426640+05:30,88.5,,7897275
2025-09-04 13:46:02.159122+05:30,88.1,,7897275
2025-09-04 13:46:02.425132+05:30,88.1,,7897275
2025-09-04 13:46:03.310010+05:30,87.85,,7897275
2025-09-04 13:46:03.430203+05:30,87.65,,7897275
2025-09-04 13:46:03.920273+05:30,87.65,,7897275
2025-09-04 13:46:04.430237+05:30,87.6,,7897275
2025-09-04 13:46:04.724269+05:30,87.8,,7897275
2025-09-04 13:46:05.407748+05:30,87.5,,7897275
2025-09-04 13:46:06.429646+05:30,87.65,,7897275
2025-09-04 13:46:07.217090+05:30,87.6,,7897275
2025-09-04 13:46:07.469108+05:30,87.4,,7897275
2025-09-04 13:46:08.175609+05:30,87.75,,7897275
2025-09-04 13:46:08.465728+05:30,87.7,,7897275
2025-09-04 13:46:08.924119+05:30,87.55,,7897275
2025-09-04 13:46:09.475929+05:30,88.15,,7852650
2025-09-04 13:46:09.657120+05:30,88.1,,7852650
2025-09-04 13:46:10.425963+05:30,88.35,,7852650
2025-09-04 13:46:11.415374+05:30,88.05,,7852650
2025-09-04 13:46:12.224929+05:30,88.05,,7852650
2025-09-04 13:46:12.423077+05:30,88.25,,7852650
2025-09-04 13:46:13.225395+05:30,87.95,,7852650
2025-09-04 13:46:13.410736+05:30,87.4,,7852650
2025-09-04 13:46:13.912738+05:30,87.35,,7852650
2025-09-04 13:46:14.427838+05:30,87.45,,7852650
2025-09-04 13:46:14.684507+05:30,87.4,,7852650
2025-09-04 13:46:15.177766+05:30,87.5,,7852650
2025-09-04 13:46:15.461240+05:30,87.55,,7852650
2025-09-04 13:46:16.159434+05:30,87.5,,7852650
2025-09-04 13:46:16.430310+05:30,87.8,,7852650
2025-09-04 13:46:17.219235+05:30,86.8,,7852650
2025-09-04 13:46:17.430256+05:30,87.05,,7852650
2025-09-04 13:46:18.158739+05:30,86.9,,7852650
2025-09-04 13:46:18.416089+05:30,86.9,,7852650
2025-09-04 13:46:18.925764+05:30,86.85,,7852650
2025-09-04 13:46:19.404720+05:30,86.9,,7852650
2025-09-04 13:46:19.668425+05:30,86.85,,7852650
2025-09-04 13:46:20.436095+05:30,86.85,,7852650
2025-09-04 13:46:21.424214+05:30,86.9,,7852650
2025-09-04 13:46:22.180356+05:30,86.8,,7852650
2025-09-04 13:46:22.436182+05:30,86.8,,7852650
2025-09-04 13:46:23.158958+05:30,86.8,,7852650
2025-09-04 13:46:23.428647+05:30,86.75,,7852650
2025-09-04 13:46:23.923502+05:30,87.1,,7852650
2025-09-04 13:46:24.428554+05:30,86.85,,7852650
2025-09-04 13:46:24.676953+05:30,87.05,,7852650
2025-09-04 13:46:25.435675+05:30,87.2,,7852650
2025-09-04 13:46:26.412947+05:30,86.9,,7852650
2025-09-04 13:46:27.295935+05:30,87.3,,7852650
2025-09-04 13:46:27.508592+05:30,87.5,,7852650
2025-09-04 13:46:28.235872+05:30,87.75,,7852650
2025-09-04 13:46:28.413787+05:30,87.6,,7852650
2025-09-04 13:46:28.924051+05:30,87.3,,7852650
2025-09-04 13:46:29.175801+05:30,87.55,,7852650
2025-09-04 13:46:29.445906+05:30,87.9,,7852650
2025-09-04 13:46:29.663661+05:30,87.9,,7852650
2025-09-04 13:46:30.177982+05:30,87.7,,7852650
2025-09-04 13:46:30.405342+05:30,87.8,,7852650
2025-09-04 13:46:31.423345+05:30,87.55,,7852650
2025-09-04 13:46:32.202086+05:30,87.65,,7852650
2025-09-04 13:46:32.484022+05:30,88.0,,7852650
2025-09-04 13:46:33.227969+05:30,87.95,,7852650
2025-09-04 13:46:33.430013+05:30,88.05,,7852650
2025-09-04 13:46:33.911954+05:30,87.85,,7852650
2025-09-04 13:46:34.203345+05:30,88.0,,7852650
2025-09-04 13:46:34.450547+05:30,87.75,,7852650
2025-09-04 13:46:34.668366+05:30,87.8,,7852650
2025-09-04 13:46:35.495774+05:30,87.65,,7852650
2025-09-04 13:46:36.157943+05:30,87.8,,7852650
2025-09-04 13:46:36.456594+05:30,87.8,,7852650
2025-09-04 13:46:37.183669+05:30,87.2,,7852650
2025-09-04 13:46:37.451907+05:30,87.2,,7852650
2025-09-04 13:46:37.928617+05:30,87.2,,7852650
2025-09-04 13:46:38.174617+05:30,87.0,,7852650
2025-09-04 13:46:38.711902+05:30,86.9,,7852650
2025-09-04 13:46:39.207759+05:30,87.0,,7852650
2025-09-04 13:46:39.491696+05:30,86.95,,7852650
2025-09-04 13:46:39.678269+05:30,86.8,,7852650
2025-09-04 13:46:40.157870+05:30,86.75,,7852650
2025-09-04 13:46:40.420229+05:30,86.85,,7852650
2025-09-04 13:46:41.173339+05:30,86.9,,7852650
2025-09-04 13:46:41.468334+05:30,86.8,,7852650
2025-09-04 13:46:42.218757+05:30,86.7,,7852650
2025-09-04 13:46:42.696405+05:30,86.95,,7852650
2025-09-04 13:46:42.928029+05:30,86.85,,7852650
2025-09-04 13:46:43.492934+05:30,87.15,,7852650
2025-09-04 13:46:43.701045+05:30,87.15,,7852650
2025-09-04 13:46:44.408067+05:30,87.5,,7852650
2025-09-04 13:46:44.661931+05:30,87.35,,7852650
2025-09-04 13:46:45.532863+05:30,87.7,,7852650
2025-09-04 13:46:46.185164+05:30,87.35,,7852650
2025-09-04 13:46:46.495326+05:30,87.2,,7852650
2025-09-04 13:46:47.170046+05:30,87.7,,7852650
2025-09-04 13:46:47.475625+05:30,87.7,,7852650
2025-09-04 13:46:47.933062+05:30,87.7,,7852650
2025-09-04 13:46:48.212937+05:30,87.45,,7852650
2025-09-04 13:46:48.424484+05:30,87.35,,7852650
2025-09-04 13:46:48.679937+05:30,87.2,,7852650
2025-09-04 13:46:49.449726+05:30,87.45,,7852650
2025-09-04 13:46:49.683711+05:30,87.6,,7852650
2025-09-04 13:46:50.157999+05:30,87.4,,7852650
2025-09-04 13:46:50.469083+05:30,87.5,,7852650
2025-09-04 13:46:51.411899+05:30,87.35,,7852650
2025-09-04 13:46:52.185236+05:30,87.5,,7852650
2025-09-04 13:46:52.407012+05:30,87.5,,7852650
2025-09-04 13:46:52.922939+05:30,87.35,,7852650
2025-09-04 13:46:53.158297+05:30,87.35,,7852650
2025-09-04 13:46:53.495593+05:30,87.4,,7852650
2025-09-04 13:46:53.722615+05:30,87.2,,7852650
2025-09-04 13:46:54.206764+05:30,87.35,,7852650
2025-09-04 13:46:54.430921+05:30,87.25,,7852650
2025-09-04 13:46:54.656801+05:30,87.15,,7852650
2025-09-04 13:46:55.165040+05:30,87.4,,7852650
2025-09-04 13:46:55.461255+05:30,87.5,,7852650
2025-09-04 13:46:56.299030+05:30,87.7,,7852650
2025-09-04 13:46:56.455204+05:30,87.7,,7852650
2025-09-04 13:46:56.959309+05:30,87.55,,7852650
2025-09-04 13:46:57.423054+05:30,87.55,,7852650
2025-09-04 13:46:57.923622+05:30,87.5,,7852650
2025-09-04 13:46:58.174853+05:30,87.5,,7852650
2025-09-04 13:46:58.407060+05:30,87.5,,7852650
2025-09-04 13:46:58.668862+05:30,87.45,,7852650
2025-09-04 13:46:59.180655+05:30,87.55,,7852650
2025-09-04 13:46:59.451808+05:30,87.35,,7852650
2025-09-04 13:47:00.434755+05:30,87.5,,7852650
2025-09-04 13:47:00.754809+05:30,87.5,,7852650
2025-09-04 13:47:01.261135+05:30,87.75,,7852650
2025-09-04 13:47:01.424931+05:30,87.4,,7852650
2025-09-04 13:47:01.928609+05:30,87.3,,7852650
2025-09-04 13:47:02.240686+05:30,87.4,,7852650
2025-09-04 13:47:02.663806+05:30,87.4,,7852650
2025-09-04 13:47:03.412482+05:30,87.25,,7852650
2025-09-04 13:47:04.500845+05:30,86.95,,7852650
2025-09-04 13:47:05.187703+05:30,86.5,,7852650
2025-09-04 13:47:05.423228+05:30,86.25,,7852650
2025-09-04 13:47:06.269278+05:30,86.25,,7852650
2025-09-04 13:47:06.454676+05:30,86.5,,7852650
2025-09-04 13:47:06.980003+05:30,86.45,,7852650
2025-09-04 13:47:07.178703+05:30,86.8,,7852650
2025-09-04 13:47:07.438662+05:30,86.6,,7852650
2025-09-04 13:47:07.715062+05:30,86.6,,7852650
2025-09-04 13:47:08.158768+05:30,86.9,,7852650
2025-09-04 13:47:08.449275+05:30,86.7,,7852650
2025-09-04 13:47:09.484068+05:30,87.0,,7852650
2025-09-04 13:47:10.213486+05:30,87.0,,7852650
2025-09-04 13:47:10.430007+05:30,87.0,,7852650
2025-09-04 13:47:10.922824+05:30,87.35,,7852650
2025-09-04 13:47:11.499810+05:30,87.1,,7852650
2025-09-04 13:47:11.673592+05:30,87.25,,7852650
2025-09-04 13:47:12.434726+05:30,87.4,,7852650
2025-09-04 13:47:12.661569+05:30,87.4,,7852650
2025-09-04 13:47:13.421960+05:30,87.1,,7852650
2025-09-04 13:47:14.192699+05:30,87.5,,7852650
2025-09-04 13:47:14.435612+05:30,87.4,,7852650
2025-09-04 13:47:14.929150+05:30,86.95,,7852650
2025-09-04 13:47:15.232928+05:30,86.8,,7852650
2025-09-04 13:47:15.461064+05:30,86.95,,7852650
2025-09-04 13:47:16.201218+05:30,87.15,,7852650
2025-09-04 13:47:16.429865+05:30,86.7,,7852650
2025-09-04 13:47:16.662505+05:30,86.45,,7852650
2025-09-04 13:47:17.157252+05:30,86.7,,7852650
2025-09-04 13:47:17.481801+05:30,86.5,,7852650
2025-09-04 13:47:17.652316+05:30,86.5,,7852650
2025-09-04 13:47:18.419989+05:30,86.4,,7852650
2025-09-04 13:47:19.418825+05:30,86.3,,7852650
2025-09-04 13:47:20.221469+05:30,86.4,,7852650
2025-09-04 13:47:20.410685+05:30,86.45,,7852650
2025-09-04 13:47:21.157887+05:30,86.15,,7852650
2025-09-04 13:47:21.421603+05:30,86.25,,7852650
2025-09-04 13:47:21.928543+05:30,86.1,,7852650
2025-09-04 13:47:22.163672+05:30,86.25,,7852650
2025-09-04 13:47:22.437745+05:30,86.5,,7852650
2025-09-04 13:47:23.158030+05:30,86.4,,7852650
2025-09-04 13:47:23.430136+05:30,86.4,,7852650
2025-09-04 13:47:24.454887+05:30,86.45,,7852650
2025-09-04 13:47:24.657941+05:30,86.2,,7852650
2025-09-04 13:47:25.214721+05:30,86.4,,7852650
2025-09-04 13:47:25.526522+05:30,86.15,,7852650
2025-09-04 13:47:26.199394+05:30,86.6,,7852650
2025-09-04 13:47:26.461365+05:30,86.6,,7852650
2025-09-04 13:47:26.927951+05:30,86.5,,7852650
2025-09-04 13:47:27.453270+05:30,86.6,,7852650
2025-09-04 13:47:28.476381+05:30,86.5,,7852650
2025-09-04 13:47:29.158608+05:30,86.5,,7852650
2025-09-04 13:47:29.420330+05:30,86.4,,7852650
2025-09-04 13:47:30.193704+05:30,86.05,,7852650
2025-09-04 13:47:30.472671+05:30,86.5,,7852650
2025-09-04 13:47:30.659607+05:30,86.5,,7852650
2025-09-04 13:47:31.422075+05:30,86.65,,7852650
2025-09-04 13:47:31.671688+05:30,86.35,,7852650
2025-09-04 13:47:32.410382+05:30,86.6,,7852650
2025-09-04 13:47:33.428005+05:30,85.95,,7852650
2025-09-04 13:47:34.428882+05:30,84.1,,7852650
2025-09-04 13:47:34.722131+05:30,84.75,,7852650
2025-09-04 13:47:35.183037+05:30,84.6,,7852650
2025-09-04 13:47:35.656530+05:30,84.5,,7852650
2025-09-04 13:47:35.951188+05:30,84.8,,7852650
2025-09-04 13:47:36.216882+05:30,84.8,,7852650
2025-09-04 13:47:36.430290+05:30,84.8,,7852650
2025-09-04 13:47:37.494618+05:30,85.0,,7852650
2025-09-04 13:47:37.712674+05:30,84.65,,7852650
2025-09-04 13:47:38.269762+05:30,84.8,,7852650
2025-09-04 13:47:38.424109+05:30,84.6,,7852650
2025-09-04 13:47:39.418536+05:30,84.85,,7852650
2025-09-04 13:47:39.954270+05:30,84.95,,7852650
2025-09-04 13:47:40.424262+05:30,85.0,,7852650
2025-09-04 13:47:40.938635+05:30,85.15,,7852650
2025-09-04 13:47:41.222552+05:30,85.0,,7852650
2025-09-04 13:47:41.409212+05:30,85.0,,7852650
2025-09-04 13:47:42.157792+05:30,84.9,,7852650
2025-09-04 13:47:42.505754+05:30,84.55,,7852650
2025-09-04 13:47:43.305737+05:30,84.85,,7852650
2025-09-04 13:47:43.406620+05:30,84.6,,7852650
2025-09-04 13:47:44.283223+05:30,84.5,,7852650
2025-09-04 13:47:44.423728+05:30,84.3,,7852650
2025-09-04 13:47:44.928162+05:30,84.0,,7852650
2025-09-04 13:47:45.192059+05:30,84.3,,7852650
2025-09-04 13:47:45.417788+05:30,84.35,,7852650
2025-09-04 13:47:45.906265+05:30,84.3,,7852650
2025-09-04 13:47:46.456024+05:30,84.0,,7852650
2025-09-04 13:47:47.195579+05:30,84.4,,7852650
2025-09-04 13:47:47.656199+05:30,84.45,,7852650
2025-09-04 13:47:48.202430+05:30,84.7,,7852650
2025-09-04 13:47:48.414859+05:30,84.55,,7852650
2025-09-04 13:47:49.306871+05:30,84.7,,7852650
2025-09-04 13:47:49.410596+05:30,84.9,,7852650
2025-09-04 13:47:50.188441+05:30,84.8,,7852650
2025-09-04 13:47:50.498781+05:30,84.9,,7852650
2025-09-04 13:47:50.704750+05:30,85.15,,7852650
2025-09-04 13:47:51.446277+05:30,85.05,,7852650
2025-09-04 13:47:51.659773+05:30,85.05,,7852650
2025-09-04 13:47:52.420782+05:30,85.3,,7852650
2025-09-04 13:47:52.923006+05:30,85.2,,7852650
2025-09-04 13:47:53.157684+05:30,84.9,,7852650
2025-09-04 13:47:53.487937+05:30,84.9,,7852650
2025-09-04 13:47:53.939373+05:30,85.0,,7852650
2025-09-04 13:47:54.204883+05:30,85.1,,7852650
2025-09-04 13:47:54.466971+05:30,85.35,,7852650
2025-09-04 13:47:55.199617+05:30,85.3,,7852650
2025-09-04 13:47:55.521994+05:30,85.5,,7852650
2025-09-04 13:47:55.669137+05:30,85.35,,7852650
2025-09-04 13:47:56.454558+05:30,85.4,,7852650
2025-09-04 13:47:57.157893+05:30,85.2,,7852650
2025-09-04 13:47:57.652518+05:30,85.15,,7852650
2025-09-04 13:47:57.906185+05:30,85.25,,7852650
2025-09-04 13:47:58.485662+05:30,85.3,,7852650
2025-09-04 13:47:58.966682+05:30,85.4,,7852650
2025-09-04 13:47:59.157864+05:30,85.35,,7852650
2025-09-04 13:47:59.424863+05:30,85.5,,7852650
2025-09-04 13:47:59.668212+05:30,85.45,,7852650
2025-09-04 13:48:00.234240+05:30,85.65,,7852650
2025-09-04 13:48:00.533620+05:30,85.5,,7852650
2025-09-04 13:48:00.657248+05:30,85.4,,7852650
2025-09-04 13:48:01.228155+05:30,85.55,,7852650
2025-09-04 13:48:01.667912+05:30,85.3,,7852650
2025-09-04 13:48:02.420679+05:30,85.6,,7852650
2025-09-04 13:48:02.656132+05:30,85.7,,7852650
2025-09-04 13:48:02.928245+05:30,85.9,,7852650
2025-09-04 13:48:03.414746+05:30,85.4,,7852650
2025-09-04 13:48:03.656117+05:30,85.4,,7852650
2025-09-04 13:48:03.928533+05:30,85.4,,7852650
2025-09-04 13:48:04.205609+05:30,85.2,,7852650
2025-09-04 13:48:04.408242+05:30,85.4,,7852650
2025-09-04 13:48:04.745126+05:30,85.4,,7852650
2025-09-04 13:48:05.172151+05:30,85.2,,7852650
2025-09-04 13:48:05.500038+05:30,85.15,,7852650
2025-09-04 13:48:06.218278+05:30,85.15,,7852650
2025-09-04 13:48:06.498345+05:30,85.1,,7852650
2025-09-04 13:48:07.429977+05:30,85.4,,7852650
2025-09-04 13:48:07.922301+05:30,85.1,,7852650
2025-09-04 13:48:08.404430+05:30,85.3,,7852650
2025-09-04 13:48:08.923422+05:30,85.15,,7852650
2025-09-04 13:48:09.416607+05:30,85.15,,7852650
2025-09-04 13:48:09.693470+05:30,85.3,,7852650
2025-09-04 13:48:10.170915+05:30,85.0,,7852650
2025-09-04 13:48:10.742930+05:30,85.1,,7852650
2025-09-04 13:48:11.197127+05:30,84.9,,7852650
2025-09-04 13:48:11.485945+05:30,84.9,,7852650
2025-09-04 13:48:12.213523+05:30,84.85,,7852650
2025-09-04 13:48:12.439396+05:30,84.8,,7852650
2025-09-04 13:48:12.928611+05:30,84.95,,7852650
2025-09-04 13:48:13.180662+05:30,84.7,,7852650
2025-09-04 13:48:13.424799+05:30,84.1,,7852650
2025-09-04 13:48:13.933389+05:30,84.45,,7852650
2025-09-04 13:48:14.207589+05:30,84.2,,7852650
2025-09-04 13:48:14.475369+05:30,84.15,,7852650
2025-09-04 13:48:14.669306+05:30,84.35,,7852650
2025-09-04 13:48:15.157892+05:30,84.55,,7852650
2025-09-04 13:48:15.430720+05:30,84.2,,7852650
2025-09-04 13:48:15.705238+05:30,84.35,,7852650
2025-09-04 13:48:16.185308+05:30,83.65,,7852650
2025-09-04 13:48:16.423250+05:30,83.75,,7852650
2025-09-04 13:48:17.426702+05:30,84.3,,7852650
2025-09-04 13:48:17.922273+05:30,83.95,,7852650
2025-09-04 13:48:18.157539+05:30,83.65,,7852650
2025-09-04 13:48:18.415045+05:30,83.8,,7852650
2025-09-04 13:48:18.971816+05:30,83.7,,7852650
2025-09-04 13:48:19.153758+05:30,83.5,,7852650
2025-09-04 13:48:19.504288+05:30,83.3,,7852650
2025-09-04 13:48:19.701905+05:30,83.15,,7852650
2025-09-04 13:48:20.157528+05:30,83.35,,7852650
2025-09-04 13:48:20.444136+05:30,83.15,,7852650
2025-09-04 13:48:20.672605+05:30,83.0,,7852650
2025-09-04 13:48:21.158735+05:30,83.0,,7852650
2025-09-04 13:48:21.406991+05:30,82.85,,7852650
2025-09-04 13:48:22.413937+05:30,83.25,,7852650
2025-09-04 13:48:22.907837+05:30,83.25,,7852650
2025-09-04 13:48:23.423515+05:30,82.95,,7852650
2025-09-04 13:48:23.987914+05:30,82.65,,7852650
2025-09-04 13:48:24.156656+05:30,83.0,,7852650
2025-09-04 13:48:24.677823+05:30,82.8,,7852650
2025-09-04 13:48:25.406860+05:30,82.95,,7852650
2025-09-04 13:48:25.712423+05:30,83.25,,7852650
2025-09-04 13:48:26.410993+05:30,83.25,,7852650
2025-09-04 13:48:27.224008+05:30,83.6,,7852650
2025-09-04 13:48:27.429573+05:30,83.3,,7852650
2025-09-04 13:48:27.927278+05:30,83.65,,7852650
2025-09-04 13:48:28.205692+05:30,83.55,,7852650
2025-09-04 13:48:28.407006+05:30,83.5,,7852650
2025-09-04 13:48:28.955317+05:30,83.35,,7852650
2025-09-04 13:48:29.410498+05:30,83.7,,7852650
2025-09-04 13:48:29.797841+05:30,83.75,,7852650
2025-09-04 13:48:30.184809+05:30,83.65,,7852650
2025-09-04 13:48:30.430299+05:30,83.5,,7852650
2025-09-04 13:48:30.901768+05:30,83.45,,7852650
2025-09-04 13:48:31.429641+05:30,83.35,,7852650
2025-09-04 13:48:32.406964+05:30,83.65,,7852650
2025-09-04 13:48:32.927557+05:30,83.45,,7852650
2025-09-04 13:48:33.456606+05:30,83.55,,7852650
2025-09-04 13:48:33.927826+05:30,83.7,,7852650
2025-09-04 13:48:34.254042+05:30,83.2,,7852650
2025-09-04 13:48:34.440166+05:30,83.0,,7852650
2025-09-04 13:48:34.664114+05:30,83.45,,7852650
2025-09-04 13:48:35.460333+05:30,83.4,,7852650
2025-09-04 13:48:35.677788+05:30,83.45,,7852650
2025-09-04 13:48:36.198647+05:30,83.15,,7852650
2025-09-04 13:48:36.429957+05:30,83.2,,7852650
2025-09-04 13:48:37.184550+05:30,83.3,,7852650
2025-09-04 13:48:37.677685+05:30,83.2,,7852650
2025-09-04 13:48:37.906845+05:30,83.3,,7852650
2025-09-04 13:48:38.427792+05:30,82.6,,7852650
2025-09-04 13:48:38.932234+05:30,82.65,,7852650
2025-09-04 13:48:39.173604+05:30,82.6,,7852650
2025-09-04 13:48:39.403424+05:30,82.35,,7852650
2025-09-04 13:48:39.665741+05:30,82.7,,7852650
2025-09-04 13:48:40.245156+05:30,82.6,,7852650
2025-09-04 13:48:40.424264+05:30,82.6,,7852650
2025-09-04 13:48:40.753371+05:30,82.7,,7852650
2025-09-04 13:48:41.202498+05:30,82.55,,7852650
2025-09-04 13:48:41.423376+05:30,82.6,,7852650
2025-09-04 13:48:42.412703+05:30,82.8,,7852650
2025-09-04 13:48:42.948203+05:30,82.65,,7852650
2025-09-04 13:48:43.155972+05:30,83.0,,7852650
2025-09-04 13:48:43.478079+05:30,82.75,,7852650
2025-09-04 13:48:43.905786+05:30,82.6,,7852650
2025-09-04 13:48:44.156997+05:30,82.95,,7852650
2025-09-04 13:48:44.482755+05:30,82.9,,7852650
2025-09-04 13:48:44.673126+05:30,82.7,,7852650
2025-09-04 13:48:45.150983+05:30,82.9,,7852650
2025-09-04 13:48:45.424650+05:30,83.05,,7852650
2025-09-04 13:48:45.682974+05:30,82.85,,7852650
2025-09-04 13:48:46.177775+05:30,82.55,,7852650
2025-09-04 13:48:46.541222+05:30,82.5,,7852650
2025-09-04 13:48:47.428567+05:30,82.25,,7852650
2025-09-04 13:48:47.655635+05:30,82.15,,7852650
2025-09-04 13:48:47.927236+05:30,82.25,,7852650
2025-09-04 13:48:48.480114+05:30,82.35,,7852650
2025-09-04 13:48:48.655827+05:30,82.3,,7852650
2025-09-04 13:48:48.955889+05:30,82.25,,7852650
2025-09-04 13:48:49.158028+05:30,82.0,,7852650
2025-09-04 13:48:49.458650+05:30,82.2,,7852650
2025-09-04 13:48:49.683086+05:30,82.2,,7852650
2025-09-04 13:48:50.203829+05:30,81.4,,7852650
2025-09-04 13:48:50.406875+05:30,81.75,,7852650
2025-09-04 13:48:50.731233+05:30,81.6,,7852650
2025-09-04 13:48:51.178562+05:30,81.6,,7852650
2025-09-04 13:48:51.490744+05:30,81.5,,7852650
2025-09-04 13:48:52.417149+05:30,81.5,,7852650
2025-09-04 13:48:52.929372+05:30,81.65,,7852650
2025-09-04 13:48:53.168421+05:30,81.8,,7852650
2025-09-04 13:48:53.438891+05:30,81.35,,7852650
2025-09-04 13:48:53.981611+05:30,81.4,,7852650
2025-09-04 13:48:54.471977+05:30,81.3,,7852650
2025-09-04 13:48:55.195777+05:30,81.05,,7852650
2025-09-04 13:48:55.452166+05:30,81.1,,7852650
2025-09-04 13:48:56.418434+05:30,81.3,,7852650
2025-09-04 13:48:57.410160+05:30,81.65,,7852650
2025-09-04 13:48:57.917353+05:30,81.8,,7852650
2025-09-04 13:48:58.184743+05:30,81.3,,7852650
2025-09-04 13:48:58.677046+05:30,81.5,,7852650
2025-09-04 13:48:58.959318+05:30,81.55,,7852650
2025-09-04 13:48:59.192290+05:30,81.65,,7852650
2025-09-04 13:48:59.428553+05:30,81.4,,7852650
2025-09-04 13:49:00.151349+05:30,81.2,,7852650
2025-09-04 13:49:00.445324+05:30,81.3,,7852650
2025-09-04 13:49:00.700134+05:30,81.3,,7852650
2025-09-04 13:49:01.510020+05:30,81.25,,7852650
2025-09-04 13:49:02.447290+05:30,81.25,,7852650
2025-09-04 13:49:02.749986+05:30,81.2,,7852650
2025-09-04 13:49:02.906552+05:30,81.65,,7852650
2025-09-04 13:49:03.200729+05:30,81.55,,7852650
2025-09-04 13:49:03.425316+05:30,81.45,,7852650
2025-09-04 13:49:03.927918+05:30,81.6,,7852650
2025-09-04 13:49:04.180831+05:30,81.6,,7852650
2025-09-04 13:49:04.718487+05:30,81.25,,7852650
2025-09-04 13:49:05.205089+05:30,81.4,,7852650
2025-09-04 13:49:05.419004+05:30,81.25,,7852650
2025-09-04 13:49:06.170256+05:30,81.05,,7852650
2025-09-04 13:49:06.651097+05:30,81.2,,7852650
2025-09-04 13:49:07.424419+05:30,81.4,,7852650
2025-09-04 13:49:07.927314+05:30,81.9,,7852650
2025-09-04 13:49:08.198793+05:30,81.55,,7852650
2025-09-04 13:49:08.405601+05:30,81.7,,7852650
2025-09-04 13:49:08.917583+05:30,81.65,,7852650
2025-09-04 13:49:09.477879+05:30,81.65,,7852650
2025-09-04 13:49:10.199732+05:30,81.6,,7900125
2025-09-04 13:49:10.717357+05:30,81.4,,7900125
2025-09-04 13:49:11.457584+05:30,81.15,,7900125
2025-09-04 13:49:12.466318+05:30,81.0,,7900125
2025-09-04 13:49:12.670079+05:30,81.15,,7900125
2025-09-04 13:49:12.926986+05:30,81.5,,7900125
2025-09-04 13:49:13.156622+05:30,81.4,,7900125
2025-09-04 13:49:13.428849+05:30,81.45,,7900125
2025-09-04 13:49:13.922694+05:30,81.25,,7900125
2025-09-04 13:49:14.163930+05:30,81.35,,7900125
2025-09-04 13:49:14.461735+05:30,81.5,,7900125
2025-09-04 13:49:15.204225+05:30,81.1,,7900125
2025-09-04 13:49:15.443927+05:30,81.35,,7900125
2025-09-04 13:49:16.428823+05:30,82.4,,7900125
2025-09-04 13:49:17.425340+05:30,82.5,,7900125
2025-09-04 13:49:17.716694+05:30,82.55,,7900125
2025-09-04 13:49:17.906149+05:30,82.6,,7900125
2025-09-04 13:49:18.428341+05:30,82.6,,7900125
2025-09-04 13:49:18.708905+05:30,82.4,,7900125
2025-09-04 13:49:18.926897+05:30,82.5,,7900125
2025-09-04 13:49:19.476469+05:30,82.35,,7900125
2025-09-04 13:49:20.423989+05:30,82.75,,7900125
2025-09-04 13:49:21.504701+05:30,82.55,,7900125
2025-09-04 13:49:22.406997+05:30,82.9,,7900125
2025-09-04 13:49:22.650562+05:30,82.8,,7900125
2025-09-04 13:49:23.173513+05:30,83.3,,7900125
2025-09-04 13:49:23.414550+05:30,83.15,,7900125
2025-09-04 13:49:24.173137+05:30,83.0,,7900125
2025-09-04 13:49:24.414898+05:30,82.8,,7900125
2025-09-04 13:49:25.177347+05:30,82.25,,7900125
2025-09-04 13:49:25.407990+05:30,82.2,,7900125
2025-09-04 13:49:26.410273+05:30,82.3,,7900125
2025-09-04 13:49:27.224271+05:30,82.2,,7900125
2025-09-04 13:49:27.453410+05:30,82.0,,7900125
2025-09-04 13:49:28.184167+05:30,82.0,,7900125
2025-09-04 13:49:28.454870+05:30,82.4,,7900125
2025-09-04 13:49:29.171743+05:30,81.9,,7900125
2025-09-04 13:49:29.473752+05:30,82.1,,7900125
2025-09-04 13:49:30.406113+05:30,82.05,,7900125
2025-09-04 13:49:30.677565+05:30,81.8,,7900125
2025-09-04 13:49:31.418146+05:30,82.2,,7900125
2025-09-04 13:49:32.211620+05:30,82.0,,7900125
2025-09-04 13:49:32.406018+05:30,81.9,,7900125
2025-09-04 13:49:33.172941+05:30,81.9,,7900125
2025-09-04 13:49:33.453114+05:30,82.0,,7900125
2025-09-04 13:49:34.217926+05:30,81.8,,7900125
2025-09-04 13:49:34.504934+05:30,81.7,,7900125
2025-09-04 13:49:34.694275+05:30,81.7,,7900125
2025-09-04 13:49:35.156719+05:30,82.0,,7900125
2025-09-04 13:49:35.476009+05:30,81.65,,7900125
2025-09-04 13:49:36.427005+05:30,81.65,,7900125
2025-09-04 13:49:37.179544+05:30,81.4,,7900125
2025-09-04 13:49:37.400506+05:30,81.3,,7900125
2025-09-04 13:49:38.255207+05:30,81.15,,7900125
2025-09-04 13:49:38.509366+05:30,81.2,,7900125
2025-09-04 13:49:38.721269+05:30,81.1,,7900125
2025-09-04 13:49:39.178242+05:30,81.45,,7900125
2025-09-04 13:49:39.414270+05:30,81.5,,7900125
2025-09-04 13:49:40.155382+05:30,81.6,,7900125
2025-09-04 13:49:40.430185+05:30,81.8,,7900125
2025-09-04 13:49:41.412014+05:30,81.75,,7900125
2025-09-04 13:49:42.232668+05:30,81.85,,7900125
2025-09-04 13:49:42.703204+05:30,81.85,,7900125
2025-09-04 13:49:43.168200+05:30,82.5,,7900125
2025-09-04 13:49:43.406220+05:30,82.3,,7900125
2025-09-04 13:49:44.178565+05:30,82.3,,7900125
2025-09-04 13:49:44.456537+05:30,82.0,,7900125
2025-09-04 13:49:44.651760+05:30,82.0,,7900125
2025-09-04 13:49:45.431715+05:30,82.35,,7900125
2025-09-04 13:49:46.476784+05:30,82.6,,7900125
2025-09-04 13:49:46.695112+05:30,82.55,,7900125
2025-09-04 13:49:47.473677+05:30,82.4,,7900125
2025-09-04 13:49:48.172969+05:30,82.3,,7900125
2025-09-04 13:49:48.440323+05:30,82.55,,7900125
2025-09-04 13:49:49.184020+05:30,82.5,,7900125
2025-09-04 13:49:49.505642+05:30,82.6,,7900125
2025-09-04 13:49:49.667791+05:30,82.5,,7900125
2025-09-04 13:49:50.173262+05:30,82.5,,7900125
2025-09-04 13:49:50.467560+05:30,82.7,,7900125
2025-09-04 13:49:50.709221+05:30,82.75,,7900125
2025-09-04 13:49:51.152071+05:30,82.7,,7900125
2025-09-04 13:49:51.409821+05:30,82.85,,7900125
2025-09-04 13:49:52.453830+05:30,82.6,,7900125
2025-09-04 13:49:53.199605+05:30,82.65,,7900125
2025-09-04 13:49:53.498810+05:30,82.75,,7900125
2025-09-04 13:49:53.694999+05:30,82.4,,7900125
2025-09-04 13:49:53.918143+05:30,82.4,,7900125
2025-09-04 13:49:54.224157+05:30,82.5,,7900125
2025-09-04 13:49:54.429682+05:30,82.35,,7900125
2025-09-04 13:49:54.667277+05:30,82.35,,7900125
2025-09-04 13:49:55.183244+05:30,82.55,,7900125
2025-09-04 13:49:55.476911+05:30,82.45,,7900125
2025-09-04 13:49:55.677438+05:30,82.2,,7900125
2025-09-04 13:49:56.189153+05:30,82.4,,7900125
2025-09-04 13:49:56.460683+05:30,82.2,,7900125
2025-09-04 13:49:57.406476+05:30,82.15,,7900125
2025-09-04 13:49:57.655180+05:30,82.35,,7900125
2025-09-04 13:49:58.158536+05:30,82.7,,7900125
2025-09-04 13:49:58.430027+05:30,82.75,,7900125
2025-09-04 13:49:58.918284+05:30,83.5,,7900125
2025-09-04 13:49:59.222234+05:30,82.85,,7900125
2025-09-04 13:49:59.492154+05:30,82.9,,7900125
2025-09-04 13:49:59.655090+05:30,82.7,,7900125
2025-09-04 13:50:00.196757+05:30,82.75,,7900125
2025-09-04 13:50:00.473563+05:30,82.75,,7900125
2025-09-04 13:50:01.197988+05:30,82.7,,7900125
2025-09-04 13:50:01.410719+05:30,82.7,,7900125
2025-09-04 13:50:02.152872+05:30,82.8,,7900125
2025-09-04 13:50:02.440223+05:30,82.8,,7900125
2025-09-04 13:50:03.248777+05:30,82.75,,7900125
2025-09-04 13:50:03.424714+05:30,82.75,,7900125
2025-09-04 13:50:03.922080+05:30,82.7,,7900125
2025-09-04 13:50:04.462744+05:30,82.75,,7900125
2025-09-04 13:50:04.655131+05:30,82.8,,7900125
2025-09-04 13:50:05.174615+05:30,82.6,,7900125
2025-09-04 13:50:05.498328+05:30,82.7,,7900125
2025-09-04 13:50:05.703226+05:30,82.7,,7900125
2025-09-04 13:50:06.429003+05:30,82.75,,7900125
2025-09-04 13:50:07.467216+05:30,82.7,,7900125
2025-09-04 13:50:08.178390+05:30,82.9,,7900125
2025-09-04 13:50:08.418066+05:30,83.2,,7900125
2025-09-04 13:50:08.908827+05:30,83.1,,7900125
2025-09-04 13:50:09.422622+05:30,82.95,,7900125
2025-09-04 13:50:10.156051+05:30,83.05,,7900125
2025-09-04 13:50:10.432712+05:30,82.95,,7900125
2025-09-04 13:50:11.237845+05:30,83.05,,7900125
2025-09-04 13:50:11.401770+05:30,83.05,,7900125
2025-09-04 13:50:12.443544+05:30,83.05,,7900125
2025-09-04 13:50:13.198998+05:30,83.5,,7900125
2025-09-04 13:50:13.511844+05:30,83.45,,7900125
2025-09-04 13:50:13.921844+05:30,83.5,,7900125
2025-09-04 13:50:14.201083+05:30,83.25,,7900125
2025-09-04 13:50:14.404951+05:30,83.35,,7900125
2025-09-04 13:50:14.679558+05:30,83.4,,7900125
2025-09-04 13:50:15.526716+05:30,83.7,,7900125
2025-09-04 13:50:15.755122+05:30,83.7,,7900125
2025-09-04 13:50:16.156693+05:30,83.85,,7900125
2025-09-04 13:50:16.709142+05:30,83.65,,7900125
2025-09-04 13:50:17.156658+05:30,82.9,,7900125
2025-09-04 13:50:17.485639+05:30,82.65,,7900125
2025-09-04 13:50:18.156720+05:30,82.55,,7900125
2025-09-04 13:50:18.480773+05:30,82.75,,7900125
2025-09-04 13:50:18.907986+05:30,82.65,,7900125
2025-09-04 13:50:19.457964+05:30,82.0,,7900125
2025-09-04 13:50:20.415905+05:30,81.65,,7900125
2025-09-04 13:50:20.731976+05:30,81.85,,7900125
2025-09-04 13:50:21.404858+05:30,82.05,,7900125
2025-09-04 13:50:22.428583+05:30,81.75,,7900125
2025-09-04 13:50:23.183205+05:30,81.75,,7900125
2025-09-04 13:50:23.435055+05:30,81.65,,7900125
2025-09-04 13:50:23.921585+05:30,81.7,,7900125
2025-09-04 13:50:24.405996+05:30,81.2,,7900125
2025-09-04 13:50:24.723328+05:30,81.25,,7900125
2025-09-04 13:50:25.472261+05:30,80.65,,7900125
2025-09-04 13:50:25.654890+05:30,80.95,,7900125
2025-09-04 13:50:26.177709+05:30,80.4,,7900125
2025-09-04 13:50:26.422707+05:30,80.3,,7900125
2025-09-04 13:50:27.426827+05:30,80.2,,7900125
2025-09-04 13:50:28.176074+05:30,79.95,,7900125
2025-09-04 13:50:28.432700+05:30,80.0,,7900125
2025-09-04 13:50:28.906111+05:30,81.05,,7900125
2025-09-04 13:50:29.175631+05:30,80.85,,7900125
2025-09-04 13:50:29.428253+05:30,81.0,,7900125
2025-09-04 13:50:29.666991+05:30,80.85,,7900125
2025-09-04 13:50:30.183320+05:30,80.85,,7900125
2025-09-04 13:50:30.753203+05:30,80.85,,7900125
2025-09-04 13:50:31.155059+05:30,80.8,,7900125
2025-09-04 13:50:31.681839+05:30,80.9,,7900125
2025-09-04 13:50:32.409718+05:30,81.05,,7900125
2025-09-04 13:50:32.672724+05:30,81.3,,7900125
2025-09-04 13:50:33.155699+05:30,81.45,,7900125
2025-09-04 13:50:33.511039+05:30,81.35,,7900125
2025-09-04 13:50:33.671809+05:30,81.4,,7900125
2025-09-04 13:50:33.921988+05:30,81.55,,7900125
2025-09-04 13:50:34.461230+05:30,81.2,,7900125
2025-09-04 13:50:34.688565+05:30,81.3,,7900125
2025-09-04 13:50:35.428032+05:30,81.05,,7900125
2025-09-04 13:50:35.654691+05:30,81.45,,7900125
2025-09-04 13:50:36.150861+05:30,81.3,,7900125
2025-09-04 13:50:36.649948+05:30,81.2,,7900125
2025-09-04 13:50:37.433206+05:30,81.2,,7900125
2025-09-04 13:50:37.658418+05:30,81.25,,7900125
2025-09-04 13:50:38.151940+05:30,81.2,,7900125
2025-09-04 13:50:38.724723+05:30,81.05,,7900125
2025-09-04 13:50:38.921019+05:30,81.2,,7900125
2025-09-04 13:50:39.210801+05:30,81.55,,7900125
2025-09-04 13:50:39.704398+05:30,82.0,,7900125
2025-09-04 13:50:40.168285+05:30,82.3,,7900125
2025-09-04 13:50:40.733874+05:30,82.0,,7900125
2025-09-04 13:50:41.470944+05:30,82.25,,7900125
2025-09-04 13:50:41.716078+05:30,82.1,,7900125
2025-09-04 13:50:42.471787+05:30,82.5,,7900125
2025-09-04 13:50:42.688992+05:30,82.55,,7900125
2025-09-04 13:50:43.210059+05:30,82.5,,7900125
2025-09-04 13:50:43.422036+05:30,82.75,,7900125
2025-09-04 13:50:43.681571+05:30,82.85,,7900125
2025-09-04 13:50:43.906712+05:30,82.8,,7900125
2025-09-04 13:50:44.419222+05:30,82.75,,7900125
2025-09-04 13:50:44.665668+05:30,82.65,,7900125
2025-09-04 13:50:45.155902+05:30,82.85,,7900125
2025-09-04 13:50:45.654861+05:30,83.0,,7900125
2025-09-04 13:50:46.408423+05:30,82.65,,7900125
2025-09-04 13:50:46.732826+05:30,82.7,,7900125
2025-09-04 13:50:47.177886+05:30,82.55,,7900125
2025-09-04 13:50:47.665746+05:30,82.65,,7900125
2025-09-04 13:50:48.163627+05:30,83.25,,7900125
2025-09-04 13:50:48.507854+05:30,83.3,,7900125
2025-09-04 13:50:48.671247+05:30,83.35,,7900125
2025-09-04 13:50:48.920705+05:30,83.6,,7900125
2025-09-04 13:50:49.400938+05:30,83.2,,7900125
2025-09-04 13:50:49.670852+05:30,83.6,,7900125
2025-09-04 13:50:50.471490+05:30,83.1,,7900125
2025-09-04 13:50:50.718197+05:30,82.95,,7900125
2025-09-04 13:50:51.155855+05:30,83.2,,7900125
2025-09-04 13:50:51.665831+05:30,83.2,,7900125
2025-09-04 13:50:52.504240+05:30,83.0,,7900125
2025-09-04 13:50:52.696365+05:30,83.05,,7900125
2025-09-04 13:50:52.912883+05:30,82.75,,7900125
2025-09-04 13:50:53.433789+05:30,83.0,,7900125
2025-09-04 13:50:53.673519+05:30,83.25,,7900125
2025-09-04 13:50:53.921521+05:30,83.25,,7900125
2025-09-04 13:50:54.529581+05:30,83.7,,7900125
2025-09-04 13:50:55.412278+05:30,83.35,,7900125
2025-09-04 13:50:55.660648+05:30,83.2,,7900125
2025-09-04 13:50:56.449811+05:30,83.2,,7900125
2025-09-04 13:50:56.661657+05:30,83.35,,7900125
2025-09-04 13:50:57.479055+05:30,83.55,,7900125
2025-09-04 13:50:57.736020+05:30,83.5,,7900125
2025-09-04 13:50:57.932828+05:30,83.75,,7900125
2025-09-04 13:50:58.412317+05:30,83.55,,7900125
2025-09-04 13:50:58.651206+05:30,83.35,,7900125
2025-09-04 13:50:58.985154+05:30,83.3,,7900125
2025-09-04 13:50:59.704904+05:30,83.45,,7900125
2025-09-04 13:51:00.413788+05:30,83.65,,7900125
2025-09-04 13:51:00.654646+05:30,83.9,,7900125
2025-09-04 13:51:01.412862+05:30,84.1,,7900125
2025-09-04 13:51:02.405872+05:30,83.6,,7900125
2025-09-04 13:51:02.649894+05:30,83.7,,7900125
2025-09-04 13:51:02.925231+05:30,83.7,,7900125
2025-09-04 13:51:03.454389+05:30,83.9,,7900125
2025-09-04 13:51:03.654560+05:30,83.7,,7900125
2025-09-04 13:51:03.916499+05:30,83.8,,7900125
2025-09-04 13:51:04.415923+05:30,84.25,,7900125
2025-09-04 13:51:05.427404+05:30,84.2,,7900125
2025-09-04 13:51:05.719391+05:30,83.9,,7900125
2025-09-04 13:51:06.406022+05:30,84.1,,7900125
2025-09-04 13:51:07.498703+05:30,84.5,,7900125
2025-09-04 13:51:07.660688+05:30,84.5,,7900125
2025-09-04 13:51:07.913018+05:30,84.5,,7900125
2025-09-04 13:51:08.427182+05:30,84.65,,7900125
2025-09-04 13:51:08.942669+05:30,84.85,,7900125
2025-09-04 13:51:09.476560+05:30,84.5,,7900125
2025-09-04 13:51:10.416393+05:30,84.65,,7900125
2025-09-04 13:51:10.661375+05:30,84.65,,7900125
2025-09-04 13:51:11.426329+05:30,84.55,,7900125
2025-09-04 13:51:12.155869+05:30,84.8,,7900125
2025-09-04 13:51:12.470178+05:30,84.85,,7900125
2025-09-04 13:51:12.926167+05:30,84.7,,7900125
2025-09-04 13:51:13.472873+05:30,84.0,,7900125
2025-09-04 13:51:13.921068+05:30,84.05,,7900125
2025-09-04 13:51:14.486961+05:30,84.05,,7900125
2025-09-04 13:51:15.456689+05:30,84.05,,7900125
2025-09-04 13:51:15.655900+05:30,84.05,,7900125
2025-09-04 13:51:16.428787+05:30,84.25,,7900125
2025-09-04 13:51:17.169508+05:30,84.35,,7900125
2025-09-04 13:51:17.665892+05:30,84.35,,7900125
2025-09-04 13:51:17.904168+05:30,84.3,,7900125
2025-09-04 13:51:18.504356+05:30,84.0,,7900125
2025-09-04 13:51:19.035552+05:30,84.15,,7900125
2025-09-04 13:51:19.659311+05:30,84.2,,7900125
2025-09-04 13:51:20.400937+05:30,84.6,,7900125
2025-09-04 13:51:20.670519+05:30,84.7,,7900125
2025-09-04 13:51:21.438986+05:30,84.65,,7900125
2025-09-04 13:51:22.422348+05:30,84.9,,7900125
2025-09-04 13:51:22.916607+05:30,84.8,,7900125
2025-09-04 13:51:23.492439+05:30,84.6,,7900125
2025-09-04 13:51:23.940701+05:30,85.1,,7900125
2025-09-04 13:51:24.405367+05:30,85.4,,7900125
2025-09-04 13:51:25.478181+05:30,85.4,,7900125
2025-09-04 13:51:25.654137+05:30,85.3,,7900125
2025-09-04 13:51:26.413118+05:30,85.55,,7900125
2025-09-04 13:51:26.670793+05:30,85.1,,7900125
2025-09-04 13:51:27.458044+05:30,85.5,,7900125
2025-09-04 13:51:27.903401+05:30,85.4,,7900125
2025-09-04 13:51:28.468529+05:30,85.5,,7900125
2025-09-04 13:51:28.920319+05:30,85.4,,7900125
2025-09-04 13:51:29.509003+05:30,85.35,,7900125
2025-09-04 13:51:30.459811+05:30,85.35,,7900125
2025-09-04 13:51:30.754371+05:30,85.25,,7900125
2025-09-04 13:51:31.162656+05:30,85.0,,7900125
2025-09-04 13:51:31.655682+05:30,85.2,,7900125
2025-09-04 13:51:32.204145+05:30,84.85,,7900125
2025-09-04 13:51:32.423017+05:30,85.1,,7900125
2025-09-04 13:51:33.213421+05:30,85.25,,7900125
2025-09-04 13:51:33.405748+05:30,85.25,,7900125
2025-09-04 13:51:33.948071+05:30,85.2,,7900125
2025-09-04 13:51:34.492104+05:30,85.0,,7900125
2025-09-04 13:51:34.649223+05:30,85.15,,7900125
2025-09-04 13:51:35.494181+05:30,85.0,,7900125
2025-09-04 13:51:35.687794+05:30,84.8,,7900125
2025-09-04 13:51:36.655778+05:30,85.1,,7900125
2025-09-04 13:51:37.459103+05:30,85.0,,7900125
2025-09-04 13:51:37.685093+05:30,85.05,,7900125
2025-09-04 13:51:38.224875+05:30,84.8,,7900125
2025-09-04 13:51:38.434960+05:30,84.25,,7900125
2025-09-04 13:51:39.169884+05:30,84.6,,7900125
2025-09-04 13:51:39.714294+05:30,84.65,,7900125
2025-09-04 13:51:40.405527+05:30,84.8,,7900125
2025-09-04 13:51:40.694594+05:30,84.7,,7900125
2025-09-04 13:51:41.459511+05:30,84.65,,7900125
2025-09-04 13:51:41.670299+05:30,84.65,,7900125
2025-09-04 13:51:42.490593+05:30,84.85,,7900125
2025-09-04 13:51:42.678953+05:30,84.65,,7900125
2025-09-04 13:51:43.258965+05:30,84.95,,7900125
2025-09-04 13:51:43.421912+05:30,84.75,,7900125
2025-09-04 13:51:44.161102+05:30,85.15,,7900125
2025-09-04 13:51:44.407117+05:30,85.15,,7900125
2025-09-04 13:51:45.649232+05:30,84.8,,7900125
2025-09-04 13:51:46.443297+05:30,84.95,,7900125
2025-09-04 13:51:46.699437+05:30,84.75,,7900125
2025-09-04 13:51:47.649796+05:30,84.85,,7900125
2025-09-04 13:51:48.182756+05:30,84.85,,7900125
2025-09-04 13:51:48.471680+05:30,84.9,,7900125
2025-09-04 13:51:48.662330+05:30,84.75,,7900125
2025-09-04 13:51:49.177176+05:30,84.95,,7900125
2025-09-04 13:51:49.473885+05:30,84.6,,7900125
2025-09-04 13:51:49.651853+05:30,84.5,,7900125
2025-09-04 13:51:50.405248+05:30,84.65,,7900125
2025-09-04 13:51:50.661713+05:30,84.65,,7900125
2025-09-04 13:51:51.464152+05:30,85.0,,7900125
2025-09-04 13:51:52.408596+05:30,84.95,,7900125
2025-09-04 13:51:53.193910+05:30,85.05,,7900125
2025-09-04 13:51:53.404194+05:30,85.0,,7900125
2025-09-04 13:51:53.653906+05:30,84.9,,7900125
2025-09-04 13:51:54.157418+05:30,85.5,,7900125
2025-09-04 13:51:54.404151+05:30,86.05,,7900125
2025-09-04 13:51:54.658620+05:30,86.05,,7900125
2025-09-04 13:51:55.774966+05:30,85.45,,7900125
2025-09-04 13:51:56.509414+05:30,85.4,,7900125
2025-09-04 13:51:57.428732+05:30,85.6,,7900125
2025-09-04 13:51:58.199031+05:30,85.65,,7900125
2025-09-04 13:51:58.421079+05:30,85.5,,7900125
2025-09-04 13:51:58.670261+05:30,85.6,,7900125
2025-09-04 13:51:59.226610+05:30,85.65,,7900125
2025-09-04 13:51:59.469174+05:30,85.7,,7900125
2025-09-04 13:51:59.719592+05:30,85.7,,7900125
2025-09-04 13:52:00.751411+05:30,86.05,,7900125
2025-09-04 13:52:01.427218+05:30,86.25,,7900125
2025-09-04 13:52:02.414590+05:30,86.4,,7900125
2025-09-04 13:52:03.168501+05:30,86.65,,7900125
2025-09-04 13:52:03.405094+05:30,86.7,,7900125
2025-09-04 13:52:04.182703+05:30,86.4,,7900125
2025-09-04 13:52:04.511103+05:30,86.7,,7900125
2025-09-04 13:52:04.665650+05:30,86.6,,7900125
2025-09-04 13:52:05.421976+05:30,87.15,,7900125
2025-09-04 13:52:05.725382+05:30,87.05,,7900125
2025-09-04 13:52:06.464699+05:30,87.55,,7900125
2025-09-04 13:52:06.719032+05:30,87.55,,7900125
2025-09-04 13:52:07.441261+05:30,87.3,,7900125
2025-09-04 13:52:08.174508+05:30,87.8,,7900125
2025-09-04 13:52:08.431384+05:30,87.95,,7900125
2025-09-04 13:52:08.654000+05:30,88.15,,7900125
2025-09-04 13:52:09.314187+05:30,88.4,,7900125
2025-09-04 13:52:09.791220+05:30,88.9,,7900125
2025-09-04 13:52:10.421378+05:30,88.75,,8042775
2025-09-04 13:52:10.648813+05:30,88.95,,8042775
2025-09-04 13:52:11.429982+05:30,88.75,,8042775
2025-09-04 13:52:11.654003+05:30,88.45,,8042775
2025-09-04 13:52:12.475702+05:30,88.4,,8042775
2025-09-04 13:52:12.704623+05:30,88.2,,8042775
2025-09-04 13:52:13.176853+05:30,88.25,,8042775
2025-09-04 13:52:13.455399+05:30,87.95,,8042775
2025-09-04 13:52:13.724422+05:30,87.8,,8042775
2025-09-04 13:52:14.172024+05:30,88.05,,8042775
2025-09-04 13:52:14.680717+05:30,87.75,,8042775
2025-09-04 13:52:15.477464+05:30,87.95,,8042775
2025-09-04 13:52:15.699333+05:30,88.0,,8042775
2025-09-04 13:52:16.448042+05:30,87.95,,8042775
2025-09-04 13:52:16.670512+05:30,88.0,,8042775
2025-09-04 13:52:17.515752+05:30,87.75,,8042775
2025-09-04 13:52:17.678660+05:30,87.55,,8042775
2025-09-04 13:52:18.194823+05:30,87.9,,8042775
2025-09-04 13:52:18.481525+05:30,88.15,,8042775
2025-09-04 13:52:19.214494+05:30,88.0,,8042775
2025-09-04 13:52:19.474148+05:30,87.4,,8042775
2025-09-04 13:52:19.651116+05:30,87.5,,8042775
2025-09-04 13:52:20.406122+05:30,87.45,,8042775
2025-09-04 13:52:20.739701+05:30,87.6,,8042775
2025-09-04 13:52:20.898474+05:30,87.35,,8042775
2025-09-04 13:52:21.426219+05:30,88.2,,8042775
2025-09-04 13:52:21.670637+05:30,88.15,,8042775
2025-09-04 13:52:22.477360+05:30,88.75,,8042775
2025-09-04 13:52:22.662472+05:30,88.9,,8042775
2025-09-04 13:52:23.242025+05:30,89.2,,8042775
2025-09-04 13:52:23.404692+05:30,89.65,,8042775
2025-09-04 13:52:23.676385+05:30,89.8,,8042775
2025-09-04 13:52:24.177269+05:30,89.75,,8042775
2025-09-04 13:52:24.653728+05:30,89.2,,8042775
2025-09-04 13:52:25.434989+05:30,89.2,,8042775
2025-09-04 13:52:25.677524+05:30,88.8,,8042775
2025-09-04 13:52:26.654543+05:30,88.85,,8042775
2025-09-04 13:52:27.412703+05:30,88.7,,8042775
2025-09-04 13:52:28.172330+05:30,88.9,,8042775
2025-09-04 13:52:28.468636+05:30,89.0,,8042775
2025-09-04 13:52:28.653704+05:30,89.15,,8042775
2025-09-04 13:52:29.181522+05:30,89.0,,8042775
2025-09-04 13:52:29.433137+05:30,89.05,,8042775
2025-09-04 13:52:29.698756+05:30,89.35,,8042775
2025-09-04 13:52:30.504801+05:30,88.45,,8042775
2025-09-04 13:52:30.952515+05:30,88.0,,8042775
2025-09-04 13:52:31.526284+05:30,87.9,,8042775
2025-09-04 13:52:31.666095+05:30,88.15,,8042775
2025-09-04 13:52:32.415271+05:30,88.9,,8042775
2025-09-04 13:52:32.685577+05:30,88.75,,8042775
2025-09-04 13:52:33.155562+05:30,89.15,,8042775
2025-09-04 13:52:33.404503+05:30,89.3,,8042775
2025-09-04 13:52:33.904542+05:30,89.2,,8042775
2025-09-04 13:52:34.198822+05:30,89.1,,8042775
2025-09-04 13:52:34.482094+05:30,88.3,,8042775
2025-09-04 13:52:34.690557+05:30,88.5,,8042775
2025-09-04 13:52:35.426341+05:30,88.5,,8042775
2025-09-04 13:52:35.683281+05:30,88.4,,8042775
2025-09-04 13:52:35.903836+05:30,88.45,,8042775
2025-09-04 13:52:36.468643+05:30,88.8,,8042775
2025-09-04 13:52:36.737655+05:30,88.9,,8042775
2025-09-04 13:52:37.437282+05:30,89.1,,8042775
2025-09-04 13:52:37.661432+05:30,88.65,,8042775
2025-09-04 13:52:38.158643+05:30,88.95,,8042775
2025-09-04 13:52:38.426391+05:30,89.2,,8042775
2025-09-04 13:52:38.648515+05:30,88.95,,8042775
2025-09-04 13:52:39.180198+05:30,88.85,,8042775
2025-09-04 13:52:39.400374+05:30,88.65,,8042775
2025-09-04 13:52:39.770163+05:30,88.95,,8042775
2025-09-04 13:52:40.432145+05:30,88.6,,8042775
2025-09-04 13:52:40.723273+05:30,88.45,,8042775
2025-09-04 13:52:40.904031+05:30,88.2,,8042775
2025-09-04 13:52:41.447726+05:30,88.15,,8042775
2025-09-04 13:52:42.761378+05:30,88.3,,8042775
2025-09-04 13:52:43.189123+05:30,88.1,,8042775
2025-09-04 13:52:43.748582+05:30,88.35,,8042775
2025-09-04 13:52:44.190442+05:30,88.7,,8042775
2025-09-04 13:52:44.421355+05:30,88.5,,8042775
2025-09-04 13:52:44.658843+05:30,88.6,,8042775
2025-09-04 13:52:45.422074+05:30,88.25,,8042775
2025-09-04 13:52:45.905795+05:30,88.1,,8042775
2025-09-04 13:52:46.416637+05:30,88.05,,8042775
2025-09-04 13:52:46.676561+05:30,87.45,,8042775
2025-09-04 13:52:47.437626+05:30,86.9,,8042775
2025-09-04 13:52:47.674785+05:30,86.95,,8042775
2025-09-04 13:52:48.176661+05:30,87.2,,8042775
2025-09-04 13:52:48.426551+05:30,87.15,,8042775
2025-09-04 13:52:48.729691+05:30,87.2,,8042775
2025-09-04 13:52:49.191852+05:30,87.2,,8042775
2025-09-04 13:52:49.495586+05:30,87.6,,8042775
2025-09-04 13:52:49.664566+05:30,87.6,,8042775
2025-09-04 13:52:50.406350+05:30,87.65,,8042775
2025-09-04 13:52:50.692020+05:30,87.3,,8042775
2025-09-04 13:52:50.903420+05:30,87.2,,8042775
2025-09-04 13:52:51.488193+05:30,87.05,,8042775
2025-09-04 13:52:51.669991+05:30,87.05,,8042775
2025-09-04 13:52:52.561880+05:30,86.85,,8042775
2025-09-04 13:52:52.674602+05:30,86.8,,8042775
2025-09-04 13:52:53.154699+05:30,86.75,,8042775
2025-09-04 13:52:53.399958+05:30,86.25,,8042775
2025-09-04 13:52:54.161082+05:30,86.3,,8042775
2025-09-04 13:52:54.421541+05:30,86.15,,8042775
2025-09-04 13:52:54.681134+05:30,86.55,,8042775
2025-09-04 13:52:55.512074+05:30,86.45,,8042775
2025-09-04 13:52:55.677406+05:30,86.3,,8042775
2025-09-04 13:52:55.898552+05:30,86.15,,8042775
2025-09-04 13:52:56.475408+05:30,86.15,,8042775
2025-09-04 13:52:57.424869+05:30,85.2,,8042775
2025-09-04 13:52:57.701617+05:30,85.25,,8042775
2025-09-04 13:52:58.155005+05:30,85.35,,8042775
2025-09-04 13:52:58.816914+05:30,85.8,,8042775
2025-09-04 13:52:59.167092+05:30,85.9,,8042775
2025-09-04 13:52:59.765339+05:30,85.75,,8042775
2025-09-04 13:53:00.421745+05:30,86.2,,8042775
2025-09-04 13:53:00.778006+05:30,86.2,,8042775
2025-09-04 13:53:01.696977+05:30,86.0,,8042775
2025-09-04 13:53:02.426677+05:30,86.1,,8042775
2025-09-04 13:53:02.674973+05:30,86.25,,8042775
2025-09-04 13:53:03.182343+05:30,85.9,,8042775
2025-09-04 13:53:03.780105+05:30,85.75,,8042775
2025-09-04 13:53:04.168256+05:30,85.3,,8042775
2025-09-04 13:53:04.423723+05:30,85.35,,8042775
2025-09-04 13:53:04.763927+05:30,85.45,,8042775
2025-09-04 13:53:05.493488+05:30,85.25,,8042775
2025-09-04 13:53:05.677639+05:30,85.45,,8042775
2025-09-04 13:53:05.903323+05:30,85.25,,8042775
2025-09-04 13:53:06.451178+05:30,85.85,,8042775
2025-09-04 13:53:06.789316+05:30,85.8,,8042775
2025-09-04 13:53:07.421541+05:30,85.75,,8042775
2025-09-04 13:53:07.712559+05:30,85.8,,8042775
2025-09-04 13:53:08.210047+05:30,86.0,,8042775
2025-09-04 13:53:08.656707+05:30,85.95,,8042775
2025-09-04 13:53:09.172221+05:30,85.95,,8042775
2025-09-04 13:53:09.400524+05:30,85.95,,8042775
2025-09-04 13:53:09.675025+05:30,86.0,,8042775
2025-09-04 13:53:10.551809+05:30,85.45,,8042775
2025-09-04 13:53:10.718808+05:30,85.65,,8042775
2025-09-04 13:53:10.898601+05:30,85.65,,8042775
2025-09-04 13:53:11.426694+05:30,85.5,,8042775
2025-09-04 13:53:11.684747+05:30,85.5,,8042775
2025-09-04 13:53:12.404315+05:30,85.3,,8042775
2025-09-04 13:53:12.687103+05:30,85.4,,8042775
2025-09-04 13:53:13.176167+05:30,85.45,,8042775
2025-09-04 13:53:13.426309+05:30,85.5,,8042775
2025-09-04 13:53:13.680653+05:30,85.65,,8042775
2025-09-04 13:53:14.223121+05:30,86.4,,8042775
2025-09-04 13:53:14.427781+05:30,86.35,,8042775
2025-09-04 13:53:14.664589+05:30,86.45,,8042775
2025-09-04 13:53:15.457138+05:30,86.65,,8042775
2025-09-04 13:53:15.690852+05:30,86.65,,8042775
2025-09-04 13:53:15.903084+05:30,87.0,,8042775
2025-09-04 13:53:16.477429+05:30,86.95,,8042775
2025-09-04 13:53:16.668965+05:30,86.95,,8042775
2025-09-04 13:53:17.653159+05:30,86.85,,8042775
2025-09-04 13:53:18.171208+05:30,86.95,,8042775
2025-09-04 13:53:18.775577+05:30,86.95,,8042775
2025-09-04 13:53:19.149870+05:30,86.85,,8042775
2025-09-04 13:53:19.425776+05:30,87.0,,8042775
2025-09-04 13:53:19.705229+05:30,87.0,,8042775
2025-09-04 13:53:20.483863+05:30,87.0,,8042775
2025-09-04 13:53:20.681719+05:30,87.0,,8042775
2025-09-04 13:53:20.903069+05:30,87.25,,8042775
2025-09-04 13:53:21.426759+05:30,87.55,,8042775
2025-09-04 13:53:21.651663+05:30,87.4,,8042775
2025-09-04 13:53:22.425988+05:30,87.3,,8042775
2025-09-04 13:53:22.702072+05:30,87.5,,8042775
2025-09-04 13:53:23.197490+05:30,87.7,,8042775
2025-09-04 13:53:23.446438+05:30,87.8,,8042775
2025-09-04 13:53:23.675722+05:30,87.9,,8042775
2025-09-04 13:53:24.166151+05:30,88.0,,8042775
2025-09-04 13:53:24.531572+05:30,88.2,,8042775
2025-09-04 13:53:24.674693+05:30,87.95,,8042775
2025-09-04 13:53:25.416948+05:30,88.2,,8042775
2025-09-04 13:53:25.727031+05:30,88.3,,8042775
2025-09-04 13:53:25.903074+05:30,88.55,,8042775
2025-09-04 13:53:26.486068+05:30,88.4,,8042775
2025-09-04 13:53:26.762905+05:30,88.35,,8042775
2025-09-04 13:53:27.529566+05:30,88.4,,8042775
2025-09-04 13:53:27.685800+05:30,88.5,,8042775
2025-09-04 13:53:28.186989+05:30,88.7,,8042775
2025-09-04 13:53:28.410715+05:30,88.55,,8042775
2025-09-04 13:53:28.710684+05:30,88.55,,8042775
2025-09-04 13:53:29.161571+05:30,88.1,,8042775
2025-09-04 13:53:29.460701+05:30,88.1,,8042775
2025-09-04 13:53:29.648964+05:30,88.3,,8042775
2025-09-04 13:53:30.670509+05:30,88.35,,8042775
2025-09-04 13:53:30.916333+05:30,88.55,,8042775
2025-09-04 13:53:31.404122+05:30,88.1,,8042775
2025-09-04 13:53:31.669126+05:30,88.2,,8042775
2025-09-04 13:53:32.490811+05:30,88.05,,8042775
2025-09-04 13:53:32.687349+05:30,88.1,,8042775
2025-09-04 13:53:33.154063+05:30,87.9,,8042775
2025-09-04 13:53:33.483247+05:30,87.8,,8042775
2025-09-04 13:53:33.664157+05:30,87.45,,8042775
2025-09-04 13:53:34.191517+05:30,87.7,,8042775
2025-09-04 13:53:34.665253+05:30,87.0,,8042775
2025-09-04 13:53:35.425942+05:30,87.15,,8042775
2025-09-04 13:53:35.674411+05:30,87.25,,8042775
2025-09-04 13:53:35.904280+05:30,87.05,,8042775
2025-09-04 13:53:36.499835+05:30,87.25,,8042775
2025-09-04 13:53:36.758801+05:30,87.25,,8042775
2025-09-04 13:53:37.404776+05:30,87.0,,8042775
2025-09-04 13:53:37.654704+05:30,86.8,,8042775
2025-09-04 13:53:38.496156+05:30,87.6,,8042775
2025-09-04 13:53:38.669714+05:30,87.65,,8042775
2025-09-04 13:53:39.197627+05:30,87.1,,8042775
2025-09-04 13:53:39.485383+05:30,87.35,,8042775
2025-09-04 13:53:39.674529+05:30,87.25,,8042775
2025-09-04 13:53:40.404784+05:30,87.35,,8042775
2025-09-04 13:53:40.652928+05:30,87.0,,8042775
2025-09-04 13:53:40.903479+05:30,86.9,,8042775
2025-09-04 13:53:41.474229+05:30,86.95,,8042775
2025-09-04 13:53:41.702298+05:30,86.8,,8042775
2025-09-04 13:53:42.467257+05:30,86.9,,8042775
2025-09-04 13:53:42.676236+05:30,86.95,,8042775
2025-09-04 13:53:43.425383+05:30,87.3,,8042775
2025-09-04 13:53:43.674664+05:30,87.0,,8042775
2025-09-04 13:53:44.194892+05:30,86.85,,8042775
2025-09-04 13:53:44.407083+05:30,87.05,,8042775
2025-09-04 13:53:44.669114+05:30,86.5,,8042775
2025-09-04 13:53:44.946398+05:30,86.75,,8042775
2025-09-04 13:53:45.404829+05:30,86.6,,8042775
2025-09-04 13:53:45.680397+05:30,86.75,,8042775
2025-09-04 13:53:45.902833+05:30,87.1,,8042775
2025-09-04 13:53:46.470808+05:30,86.85,,8042775
2025-09-04 13:53:46.661288+05:30,86.7,,8042775
2025-09-04 13:53:47.435742+05:30,86.65,,8042775
2025-09-04 13:53:47.681194+05:30,86.65,,8042775
2025-09-04 13:53:48.415259+05:30,86.25,,8042775
2025-09-04 13:53:48.707642+05:30,86.4,,8042775
2025-09-04 13:53:49.173010+05:30,86.45,,8042775
2025-09-04 13:53:49.660735+05:30,86.55,,8042775
2025-09-04 13:53:50.420256+05:30,86.5,,8042775
2025-09-04 13:53:50.670759+05:30,86.3,,8042775
2025-09-04 13:53:50.909571+05:30,86.55,,8042775
2025-09-04 13:53:51.521134+05:30,86.4,,8042775
2025-09-04 13:53:51.669030+05:30,86.4,,8042775
2025-09-04 13:53:52.426161+05:30,86.5,,8042775
2025-09-04 13:53:52.696986+05:30,86.3,,8042775
2025-09-04 13:53:53.170474+05:30,86.6,,8042775
2025-09-04 13:53:53.494707+05:30,86.8,,8042775
2025-09-04 13:53:53.746526+05:30,87.0,,8042775
2025-09-04 13:53:54.192264+05:30,87.05,,8042775
2025-09-04 13:53:54.450470+05:30,87.2,,8042775
2025-09-04 13:53:54.666205+05:30,87.15,,8042775
2025-09-04 13:53:55.430953+05:30,87.25,,8042775
2025-09-04 13:53:55.669186+05:30,87.35,,8042775
2025-09-04 13:53:56.404953+05:30,87.15,,8042775
2025-09-04 13:53:56.726711+05:30,87.35,,8042775
2025-09-04 13:53:57.426119+05:30,87.2,,8042775
2025-09-04 13:53:57.704164+05:30,87.15,,8042775
2025-09-04 13:53:58.215696+05:30,87.6,,8042775
2025-09-04 13:53:58.431754+05:30,87.5,,8042775
2025-09-04 13:53:58.669312+05:30,87.35,,8042775
2025-09-04 13:53:59.430714+05:30,87.5,,8042775
2025-09-04 13:53:59.669098+05:30,87.35,,8042775
2025-09-04 13:54:00.756975+05:30,87.5,,8042775
2025-09-04 13:54:01.469696+05:30,87.75,,8042775
2025-09-04 13:54:01.714782+05:30,87.55,,8042775
2025-09-04 13:54:02.674672+05:30,87.5,,8042775
2025-09-04 13:54:03.273787+05:30,87.25,,8042775
2025-09-04 13:54:03.419854+05:30,87.15,,8042775
2025-09-04 13:54:03.795813+05:30,87.35,,8042775
2025-09-04 13:54:04.186431+05:30,87.65,,8042775
2025-09-04 13:54:04.424048+05:30,87.7,,8042775
2025-09-04 13:54:04.655985+05:30,88.0,,8042775
2025-09-04 13:54:05.829740+05:30,87.75,,8042775
2025-09-04 13:54:06.674741+05:30,87.8,,8042775
2025-09-04 13:54:07.411243+05:30,87.85,,8042775
2025-09-04 13:54:07.685756+05:30,87.85,,8042775
2025-09-04 13:54:08.203158+05:30,87.7,,8042775
2025-09-04 13:54:08.475484+05:30,87.9,,8042775
2025-09-04 13:54:08.726874+05:30,87.9,,8042775
2025-09-04 13:54:09.150912+05:30,87.65,,8042775
2025-09-04 13:54:09.750687+05:30,87.95,,8042775
2025-09-04 13:54:10.420857+05:30,88.0,,8042775
2025-09-04 13:54:10.675757+05:30,88.0,,8042775
2025-09-04 13:54:11.187483+05:30,87.9,,8042775
2025-09-04 13:54:11.503134+05:30,87.7,,8042775
2025-09-04 13:54:11.665021+05:30,87.5,,8042775
2025-09-04 13:54:12.496230+05:30,87.85,,8042775
2025-09-04 13:54:12.675824+05:30,88.0,,8042775
2025-09-04 13:54:13.477538+05:30,88.0,,8042775
2025-09-04 13:54:13.649542+05:30,88.0,,8042775
2025-09-04 13:54:14.170143+05:30,87.75,,8042775
2025-09-04 13:54:14.428723+05:30,87.7,,8042775
2025-09-04 13:54:14.650274+05:30,87.6,,8042775
2025-09-04 13:54:15.425963+05:30,87.9,,8042775
2025-09-04 13:54:15.670273+05:30,87.8,,8042775
2025-09-04 13:54:16.466687+05:30,87.65,,8042775
2025-09-04 13:54:16.674427+05:30,88.2,,8042775
2025-09-04 13:54:17.203232+05:30,88.5,,8042775
2025-09-04 13:54:17.489948+05:30,88.3,,8042775
2025-09-04 13:54:17.686625+05:30,88.25,,8042775
2025-09-04 13:54:17.930231+05:30,88.05,,8042775
2025-09-04 13:54:18.399980+05:30,88.3,,8042775
2025-09-04 13:54:18.813652+05:30,88.1,,8042775
2025-09-04 13:54:19.424706+05:30,88.05,,8042775
2025-09-04 13:54:19.691919+05:30,88.05,,8042775
2025-09-04 13:54:20.403916+05:30,88.5,,8042775
2025-09-04 13:54:20.669089+05:30,88.3,,8042775
2025-09-04 13:54:21.175810+05:30,88.1,,8042775
2025-09-04 13:54:21.669508+05:30,87.75,,8042775
2025-09-04 13:54:22.216363+05:30,87.85,,8042775
2025-09-04 13:54:22.513845+05:30,88.1,,8042775
2025-09-04 13:54:22.723906+05:30,88.1,,8042775
2025-09-04 13:54:22.935229+05:30,88.25,,8042775
2025-09-04 13:54:23.431570+05:30,88.3,,8042775
2025-09-04 13:54:23.665062+05:30,88.25,,8042775
2025-09-04 13:54:24.471890+05:30,87.75,,8042775
2025-09-04 13:54:24.687751+05:30,88.25,,8042775
2025-09-04 13:54:25.437721+05:30,88.15,,8042775
2025-09-04 13:54:25.653135+05:30,88.4,,8042775
2025-09-04 13:54:26.168770+05:30,88.25,,8042775
2025-09-04 13:54:26.467541+05:30,88.15,,8042775
2025-09-04 13:54:26.660464+05:30,88.25,,8042775
2025-09-04 13:54:27.189300+05:30,88.4,,8042775
2025-09-04 13:54:27.430535+05:30,88.25,,8042775
2025-09-04 13:54:27.694036+05:30,88.3,,8042775
2025-09-04 13:54:28.406865+05:30,88.3,,8042775
2025-09-04 13:54:28.648262+05:30,88.3,,8042775
2025-09-04 13:54:29.669107+05:30,88.2,,8042775
2025-09-04 13:54:30.451622+05:30,88.15,,8042775
2025-09-04 13:54:30.725885+05:30,88.35,,8042775
2025-09-04 13:54:31.170639+05:30,88.1,,8042775
2025-09-04 13:54:31.416196+05:30,87.95,,8042775
2025-09-04 13:54:31.669270+05:30,88.0,,8042775
2025-09-04 13:54:32.242760+05:30,87.95,,8042775
2025-09-04 13:54:32.432018+05:30,88.15,,8042775
2025-09-04 13:54:32.741889+05:30,88.25,,8042775
2025-09-04 13:54:33.425720+05:30,88.75,,8042775
2025-09-04 13:54:33.732345+05:30,88.2,,8042775
2025-09-04 13:54:33.924916+05:30,87.9,,8042775
2025-09-04 13:54:34.399609+05:30,88.45,,8042775
2025-09-04 13:54:34.723855+05:30,88.4,,8042775
2025-09-04 13:54:35.415128+05:30,88.25,,8042775
2025-09-04 13:54:35.658862+05:30,88.35,,8042775
2025-09-04 13:54:36.152873+05:30,88.1,,8042775
2025-09-04 13:54:36.676491+05:30,87.1,,8042775
2025-09-04 13:54:37.204805+05:30,87.15,,8042775
2025-09-04 13:54:37.458686+05:30,87.2,,8042775
2025-09-04 13:54:37.669189+05:30,87.2,,8042775
2025-09-04 13:54:38.441235+05:30,87.25,,8042775
2025-09-04 13:54:38.746355+05:30,87.0,,8042775
2025-09-04 13:54:38.902328+05:30,87.2,,8042775
2025-09-04 13:54:39.257604+05:30,87.2,,8042775
2025-09-04 13:54:39.431466+05:30,87.15,,8042775
2025-09-04 13:54:39.649199+05:30,86.9,,8042775
2025-09-04 13:54:40.412706+05:30,87.0,,8042775
2025-09-04 13:54:40.683323+05:30,87.0,,8042775
2025-09-04 13:54:41.152242+05:30,86.5,,8042775
2025-09-04 13:54:41.587068+05:30,86.45,,8042775
2025-09-04 13:54:41.652551+05:30,86.45,,8042775
2025-09-04 13:54:42.206789+05:30,86.3,,8042775
2025-09-04 13:54:42.442217+05:30,86.25,,8042775
2025-09-04 13:54:42.750683+05:30,86.2,,8042775
2025-09-04 13:54:43.427803+05:30,86.0,,8042775
2025-09-04 13:54:43.678821+05:30,86.15,,8042775
2025-09-04 13:54:43.902463+05:30,86.0,,8042775
2025-09-04 13:54:44.163132+05:30,85.85,,8042775
2025-09-04 13:54:44.409558+05:30,85.65,,8042775
2025-09-04 13:54:44.668662+05:30,85.7,,8042775
2025-09-04 13:54:45.405326+05:30,85.3,,8042775
2025-09-04 13:54:45.684611+05:30,85.2,,8042775
2025-09-04 13:54:46.152850+05:30,84.5,,8042775
2025-09-04 13:54:46.416360+05:30,84.6,,8042775
2025-09-04 13:54:46.680188+05:30,84.75,,8042775
2025-09-04 13:54:47.171465+05:30,84.8,,8042775
2025-09-04 13:54:47.481459+05:30,84.75,,8042775
2025-09-04 13:54:47.779872+05:30,84.8,,8042775
2025-09-04 13:54:48.428006+05:30,84.55,,8042775
2025-09-04 13:54:48.669087+05:30,84.4,,8042775
2025-09-04 13:54:49.429002+05:30,84.4,,8042775
2025-09-04 13:54:49.746905+05:30,84.35,,8042775
2025-09-04 13:54:50.431279+05:30,83.9,,8042775
2025-09-04 13:54:50.708009+05:30,83.85,,8042775
2025-09-04 13:54:51.153798+05:30,84.15,,8042775
2025-09-04 13:54:51.424648+05:30,84.15,,8042775
2025-09-04 13:54:51.695821+05:30,84.0,,8042775
2025-09-04 13:54:51.924742+05:30,84.05,,8042775
2025-09-04 13:54:52.407819+05:30,84.45,,8042775
2025-09-04 13:54:52.713033+05:30,84.6,,8042775
2025-09-04 13:54:53.441640+05:30,84.45,,8042775
2025-09-04 13:54:53.674055+05:30,84.6,,8042775
2025-09-04 13:54:54.425291+05:30,84.5,,8042775
2025-09-04 13:54:54.674789+05:30,84.6,,8042775
2025-09-04 13:54:55.200597+05:30,84.9,,8042775
2025-09-04 13:54:55.412895+05:30,84.9,,8042775
2025-09-04 13:54:55.720490+05:30,84.75,,8042775
2025-09-04 13:54:55.924597+05:30,84.9,,8042775
2025-09-04 13:54:56.420228+05:30,85.05,,8042775
2025-09-04 13:54:56.674354+05:30,85.25,,8042775
2025-09-04 13:54:56.918698+05:30,85.35,,8042775
2025-09-04 13:54:57.420016+05:30,85.25,,8042775
2025-09-04 13:54:57.668511+05:30,85.1,,8042775
2025-09-04 13:54:58.403145+05:30,85.45,,8042775
2025-09-04 13:54:58.731367+05:30,85.15,,8042775
2025-09-04 13:54:59.160589+05:30,85.0,,8042775
2025-09-04 13:54:59.689301+05:30,85.25,,8042775
2025-09-04 13:55:00.411820+05:30,84.9,,8042775
2025-09-04 13:55:00.763327+05:30,84.9,,8042775
2025-09-04 13:55:00.914581+05:30,84.85,,8042775
2025-09-04 13:55:01.681923+05:30,85.0,,8042775
2025-09-04 13:55:01.952758+05:30,85.15,,8042775
2025-09-04 13:55:02.690582+05:30,84.95,,8042775
2025-09-04 13:55:03.404423+05:30,84.95,,8042775
2025-09-04 13:55:03.674383+05:30,84.9,,8042775
2025-09-04 13:55:04.153230+05:30,84.45,,8042775
2025-09-04 13:55:04.465955+05:30,84.4,,8042775
2025-09-04 13:55:04.668323+05:30,84.0,,8042775
2025-09-04 13:55:05.420371+05:30,84.1,,8042775
2025-09-04 13:55:05.790361+05:30,83.9,,8042775
2025-09-04 13:55:05.929636+05:30,83.9,,8042775
2025-09-04 13:55:06.458819+05:30,83.85,,8042775
2025-09-04 13:55:06.670178+05:30,83.8,,8042775
2025-09-04 13:55:06.920241+05:30,84.15,,8042775
2025-09-04 13:55:07.492577+05:30,84.05,,8042775
2025-09-04 13:55:07.695045+05:30,84.05,,8042775
2025-09-04 13:55:08.492123+05:30,84.0,,8042775
2025-09-04 13:55:08.653623+05:30,84.1,,8042775
2025-09-04 13:55:09.456277+05:30,84.25,,8042775
2025-09-04 13:55:09.648825+05:30,84.35,,8042775
2025-09-04 13:55:10.475700+05:30,84.65,,8288775
2025-09-04 13:55:10.667943+05:30,84.45,,8288775
2025-09-04 13:55:10.902013+05:30,84.65,,8288775
2025-09-04 13:55:11.430932+05:30,84.45,,8288775
2025-09-04 13:55:11.691164+05:30,84.7,,8288775
2025-09-04 13:55:11.923676+05:30,84.75,,8288775
2025-09-04 13:55:12.436381+05:30,84.7,,8288775
2025-09-04 13:55:12.669317+05:30,84.8,,8288775
2025-09-04 13:55:13.420563+05:30,84.9,,8288775
2025-09-04 13:55:13.696784+05:30,85.0,,8288775
2025-09-04 13:55:14.508304+05:30,85.05,,8288775
2025-09-04 13:55:14.727183+05:30,85.1,,8288775
2025-09-04 13:55:15.169978+05:30,84.85,,8288775
2025-09-04 13:55:15.730334+05:30,85.05,,8288775
2025-09-04 13:55:15.963075+05:30,85.1,,8288775
2025-09-04 13:55:16.499547+05:30,85.15,,8288775
2025-09-04 13:55:16.669256+05:30,85.1,,8288775
2025-09-04 13:55:16.918658+05:30,84.8,,8288775
2025-09-04 13:55:17.696179+05:30,84.8,,8288775
2025-09-04 13:55:18.541604+05:30,84.85,,8288775
2025-09-04 13:55:18.710890+05:30,84.65,,8288775
2025-09-04 13:55:19.153581+05:30,84.6,,8288775
2025-09-04 13:55:19.457966+05:30,84.6,,8288775
2025-09-04 13:55:19.650871+05:30,84.7,,8288775
2025-09-04 13:55:20.188690+05:30,84.35,,8288775
2025-09-04 13:55:20.403236+05:30,84.45,,8288775
2025-09-04 13:55:20.669584+05:30,84.6,,8288775
2025-09-04 13:55:20.930270+05:30,84.7,,8288775
2025-09-04 13:55:21.494934+05:30,84.6,,8288775
2025-09-04 13:55:21.714974+05:30,84.65,,8288775
2025-09-04 13:55:21.915111+05:30,84.7,,8288775
2025-09-04 13:55:22.430079+05:30,84.9,,8288775
2025-09-04 13:55:22.673516+05:30,84.75,,8288775
2025-09-04 13:55:23.674556+05:30,84.95,,8288775
2025-09-04 13:55:24.424251+05:30,85.05,,8288775
2025-09-04 13:55:24.664891+05:30,84.85,,8288775
2025-09-04 13:55:25.180257+05:30,85.0,,8288775
2025-09-04 13:55:25.407196+05:30,84.65,,8288775
2025-09-04 13:55:25.732776+05:30,84.9,,8288775
2025-09-04 13:55:25.905800+05:30,84.9,,8288775
2025-09-04 13:55:26.424530+05:30,84.7,,8288775
2025-09-04 13:55:26.733723+05:30,84.75,,8288775
2025-09-04 13:55:26.963225+05:30,84.75,,8288775
2025-09-04 13:55:27.418720+05:30,84.8,,8288775
2025-09-04 13:55:27.679873+05:30,84.8,,8288775
2025-09-04 13:55:28.477651+05:30,84.95,,8288775
2025-09-04 13:55:28.739882+05:30,84.95,,8288775
2025-09-04 13:55:29.414157+05:30,84.95,,8288775
2025-09-04 13:55:29.715349+05:30,84.95,,8288775
2025-09-04 13:55:30.463720+05:30,85.0,,8288775
2025-09-04 13:55:30.680055+05:30,84.55,,8288775
2025-09-04 13:55:31.658867+05:30,84.95,,8288775
2025-09-04 13:55:32.688352+05:30,85.1,,8288775
2025-09-04 13:55:33.201600+05:30,85.1,,8288775
2025-09-04 13:55:33.934198+05:30,85.15,,8288775
2025-09-04 13:55:35.652527+05:30,85.95,,8288775
2025-09-04 13:55:36.428927+05:30,86.25,,8288775
2025-09-04 13:55:36.698466+05:30,86.55,,8288775
2025-09-04 13:55:36.934979+05:30,86.4,,8288775
2025-09-04 13:55:37.725797+05:30,86.5,,8288775
2025-09-04 13:55:38.465036+05:30,85.95,,8288775
2025-09-04 13:55:38.668208+05:30,86.05,,8288775
2025-09-04 13:55:39.180423+05:30,86.1,,8288775
2025-09-04 13:55:39.708559+05:30,86.3,,8288775
2025-09-04 13:55:40.170147+05:30,86.35,,8288775
2025-09-04 13:55:40.424925+05:30,86.75,,8288775
2025-09-04 13:55:40.749603+05:30,86.9,,8288775
2025-09-04 13:55:40.909265+05:30,86.95,,8288775
2025-09-04 13:55:41.424339+05:30,86.65,,8288775
2025-09-04 13:55:41.730316+05:30,86.8,,8288775
2025-09-04 13:55:41.914890+05:30,86.65,,8288775
2025-09-04 13:55:42.467156+05:30,86.2,,8288775
2025-09-04 13:55:42.668634+05:30,86.3,,8288775
2025-09-04 13:55:43.455416+05:30,86.4,,8288775
2025-09-04 13:55:43.712559+05:30,86.55,,8288775
2025-09-04 13:55:44.419482+05:30,86.5,,8288775
2025-09-04 13:55:44.695304+05:30,86.75,,8288775
2025-09-04 13:55:45.146908+05:30,86.3,,8288775
2025-09-04 13:55:45.668750+05:30,86.1,,8288775
2025-09-04 13:55:46.160553+05:30,86.3,,8288775
2025-09-04 13:55:46.668827+05:30,86.1,,8288775
2025-09-04 13:55:46.968219+05:30,86.25,,8288775
2025-09-04 13:55:47.402811+05:30,85.75,,8288775
2025-09-04 13:55:47.654364+05:30,85.75,,8288775
2025-09-04 13:55:48.509043+05:30,85.7,,8288775
2025-09-04 13:55:48.711638+05:30,85.65,,8288775
2025-09-04 13:55:49.423883+05:30,85.65,,8288775
2025-09-04 13:55:49.671701+05:30,85.7,,8288775
2025-09-04 13:55:50.157841+05:30,85.45,,8288775
2025-09-04 13:55:50.419985+05:30,85.45,,8288775
2025-09-04 13:55:50.674086+05:30,85.55,,8288775
2025-09-04 13:55:51.158615+05:30,85.7,,8288775
2025-09-04 13:55:51.496166+05:30,85.5,,8288775
2025-09-04 13:55:51.739854+05:30,85.5,,8288775
2025-09-04 13:55:51.912832+05:30,85.5,,8288775
2025-09-04 13:55:52.712516+05:30,85.7,,8288775
2025-09-04 13:55:53.730090+05:30,86.0,,8288775
2025-09-04 13:55:54.424628+05:30,85.9,,8288775
2025-09-04 13:55:54.712807+05:30,86.1,,8288775
2025-09-04 13:55:55.163881+05:30,86.1,,8288775
2025-09-04 13:55:55.441127+05:30,85.9,,8288775
2025-09-04 13:55:55.689770+05:30,85.85,,8288775
2025-09-04 13:55:56.170796+05:30,86.0,,8288775
2025-09-04 13:55:56.463988+05:30,86.25,,8288775
2025-09-04 13:55:56.684042+05:30,86.15,,8288775
2025-09-04 13:55:56.901545+05:30,86.15,,8288775
2025-09-04 13:55:57.398735+05:30,86.1,,8288775
2025-09-04 13:55:57.717293+05:30,86.1,,8288775
2025-09-04 13:55:58.512992+05:30,86.1,,8288775
2025-09-04 13:55:58.668693+05:30,86.1,,8288775
2025-09-04 13:55:59.173829+05:30,85.95,,8288775
2025-09-04 13:55:59.486822+05:30,85.9,,8288775
2025-09-04 13:55:59.710573+05:30,85.85,,8288775
2025-09-04 13:56:00.176262+05:30,86.0,,8288775
2025-09-04 13:56:00.406941+05:30,85.8,,8288775
2025-09-04 13:56:00.804628+05:30,85.85,,8288775
2025-09-04 13:56:01.165891+05:30,86.0,,8288775
2025-09-04 13:56:01.450849+05:30,85.85,,8288775
2025-09-04 13:56:01.661273+05:30,86.0,,8288775
2025-09-04 13:56:01.901735+05:30,86.0,,8288775
2025-09-04 13:56:02.426076+05:30,86.0,,8288775
2025-09-04 13:56:02.651622+05:30,85.95,,8288775
2025-09-04 13:56:03.449314+05:30,86.0,,8288775
2025-09-04 13:56:03.651862+05:30,86.2,,8288775
2025-09-04 13:56:04.151644+05:30,86.5,,8288775
2025-09-04 13:56:04.402986+05:30,86.3,,8288775
2025-09-04 13:56:04.711555+05:30,86.2,,8288775
