time,last_price,volume,oi
2025-09-04 12:10:38.672263+05:30,150.0,,1904025
2025-09-04 12:10:39.134716+05:30,149.7,,1904025
2025-09-04 12:10:39.402961+05:30,150.55,,1904025
2025-09-04 12:10:40.131924+05:30,150.4,,1904025
2025-09-04 12:10:40.436963+05:30,150.65,,1904025
2025-09-04 12:10:41.125613+05:30,150.8,,1904025
2025-09-04 12:10:41.319172+05:30,150.7,,1904025
2025-09-04 12:10:41.613596+05:30,150.75,,1904025
2025-09-04 12:10:41.821780+05:30,150.2,,1904025
2025-09-04 12:10:42.391023+05:30,149.8,,1904025
2025-09-04 12:10:43.172089+05:30,150.15,,1904025
2025-09-04 12:10:43.567228+05:30,150.9,,1904025
2025-09-04 12:10:44.077277+05:30,150.9,,1904025
2025-09-04 12:10:44.382584+05:30,150.25,,1904025
2025-09-04 12:10:45.098550+05:30,149.8,,1904025
2025-09-04 12:10:45.390392+05:30,149.4,,1904025
2025-09-04 12:10:46.118803+05:30,149.4,,1904025
2025-09-04 12:10:46.415290+05:30,149.4,,1904025
2025-09-04 12:10:46.588255+05:30,149.45,,1904025
2025-09-04 12:10:47.117691+05:30,149.65,,1904025
2025-09-04 12:10:47.419225+05:30,150.95,,1904025
2025-09-04 12:10:48.071823+05:30,150.6,,1904025
2025-09-04 12:10:48.405299+05:30,151.1,,1904025
2025-09-04 12:10:48.821637+05:30,150.65,,1904025
2025-09-04 12:10:49.567907+05:30,150.35,,1904025
2025-09-04 12:10:50.090469+05:30,150.4,,1904025
2025-09-04 12:10:50.648965+05:30,150.55,,1904025
2025-09-04 12:10:51.076645+05:30,150.55,,1904025
2025-09-04 12:10:51.345539+05:30,150.4,,1904025
2025-09-04 12:10:51.576241+05:30,150.4,,1904025
2025-09-04 12:10:52.093515+05:30,150.8,,1904025
2025-09-04 12:10:52.407906+05:30,151.0,,1904025
2025-09-04 12:10:53.126731+05:30,151.1,,1904025
2025-09-04 12:10:53.389801+05:30,151.55,,1904025
2025-09-04 12:10:53.613249+05:30,151.4,,1904025
2025-09-04 12:10:54.139463+05:30,151.4,,1904025
2025-09-04 12:10:54.347351+05:30,152.1,,1904025
2025-09-04 12:10:54.821359+05:30,152.15,,1904025
2025-09-04 12:10:55.118297+05:30,152.0,,1904025
2025-09-04 12:10:55.612963+05:30,152.35,,1904025
2025-09-04 12:10:56.122810+05:30,152.4,,1904025
2025-09-04 12:10:56.321359+05:30,152.45,,1904025
2025-09-04 12:10:56.571386+05:30,152.55,,1904025
2025-09-04 12:10:56.839565+05:30,152.3,,1904025
2025-09-04 12:10:57.623840+05:30,152.3,,1904025
2025-09-04 12:10:58.132485+05:30,152.25,,1904025
2025-09-04 12:10:58.412482+05:30,152.4,,1904025
2025-09-04 12:10:59.164615+05:30,152.7,,1904025
2025-09-04 12:10:59.612411+05:30,153.15,,1904025
2025-09-04 12:10:59.821381+05:30,153.6,,1904025
2025-09-04 12:11:00.071115+05:30,153.6,,1904025
2025-09-04 12:11:00.647839+05:30,153.5,,1904025
2025-09-04 12:11:01.098460+05:30,153.45,,1904025
2025-09-04 12:11:01.571893+05:30,154.05,,1904025
2025-09-04 12:11:01.821335+05:30,154.15,,1904025
2025-09-04 12:11:02.627503+05:30,152.65,,1904025
2025-09-04 12:11:03.120339+05:30,152.55,,1904025
2025-09-04 12:11:03.428101+05:30,153.65,,1904025
2025-09-04 12:11:04.141163+05:30,153.6,,1904025
2025-09-04 12:11:04.569426+05:30,153.7,,1904025
2025-09-04 12:11:04.884922+05:30,153.4,,1904025
2025-09-04 12:11:05.630307+05:30,153.45,,1904025
2025-09-04 12:11:06.188978+05:30,153.2,,1904025
2025-09-04 12:11:06.677832+05:30,153.1,,1904025
2025-09-04 12:11:07.071479+05:30,153.15,,1904025
2025-09-04 12:11:07.604537+05:30,153.4,,1904025
2025-09-04 12:11:08.122873+05:30,153.55,,1904025
2025-09-04 12:11:08.643178+05:30,153.6,,1904025
2025-09-04 12:11:09.188097+05:30,153.45,,1904025
2025-09-04 12:11:09.604005+05:30,152.65,,1904025
2025-09-04 12:11:09.902948+05:30,153.2,,1904025
2025-09-04 12:11:10.629702+05:30,154.05,,1904025
2025-09-04 12:11:11.070908+05:30,154.05,,1904025
2025-09-04 12:11:11.657510+05:30,154.5,,1904025
2025-09-04 12:11:12.141740+05:30,153.0,,1904025
2025-09-04 12:11:12.575901+05:30,152.5,,1904025
2025-09-04 12:11:13.070750+05:30,152.5,,1904025
2025-09-04 12:11:13.351219+05:30,152.5,,1904025
2025-09-04 12:11:13.576877+05:30,152.5,,1904025
2025-09-04 12:11:14.181556+05:30,152.7,,1904025
2025-09-04 12:11:14.622369+05:30,152.2,,1904025
2025-09-04 12:11:14.833251+05:30,152.7,,1904025
2025-09-04 12:11:15.570663+05:30,152.4,,1904025
2025-09-04 12:11:16.170308+05:30,152.5,,1904025
2025-09-04 12:11:16.361843+05:30,152.2,,1904025
2025-09-04 12:11:16.610060+05:30,152.2,,1904025
2025-09-04 12:11:17.092970+05:30,152.25,,1904025
2025-09-04 12:11:17.622929+05:30,152.2,,1904025
2025-09-04 12:11:18.075887+05:30,152.05,,1904025
2025-09-04 12:11:18.586698+05:30,152.2,,1904025
2025-09-04 12:11:19.190629+05:30,152.1,,1904025
2025-09-04 12:11:19.597175+05:30,152.35,,1904025
2025-09-04 12:11:19.852335+05:30,152.35,,1904025
2025-09-04 12:11:20.116628+05:30,152.3,,1904025
2025-09-04 12:11:20.620806+05:30,151.7,,1904025
2025-09-04 12:11:21.098537+05:30,151.7,,1904025
2025-09-04 12:11:21.412653+05:30,151.4,,1904025
2025-09-04 12:11:21.570525+05:30,151.4,,1904025
2025-09-04 12:11:22.107239+05:30,151.4,,1904025
2025-09-04 12:11:22.614012+05:30,151.55,,1904025
2025-09-04 12:11:23.142820+05:30,151.55,,1904025
2025-09-04 12:11:23.316472+05:30,151.55,,1904025
2025-09-04 12:11:23.586001+05:30,151.3,,1904025
2025-09-04 12:11:24.170098+05:30,151.3,,1904025
2025-09-04 12:11:24.581069+05:30,151.55,,1904025
2025-09-04 12:11:24.826126+05:30,152.1,,1904025
2025-09-04 12:11:25.069151+05:30,152.1,,1904025
2025-09-04 12:11:25.634819+05:30,150.85,,1904025
2025-09-04 12:11:26.175962+05:30,151.1,,1904025
2025-09-04 12:11:26.658481+05:30,150.8,,1904025
2025-09-04 12:11:27.070602+05:30,150.8,,1904025
2025-09-04 12:11:27.565613+05:30,150.75,,1904025
2025-09-04 12:11:27.854429+05:30,150.6,,1904025
2025-09-04 12:11:28.070587+05:30,150.8,,1904025
2025-09-04 12:11:28.605185+05:30,150.8,,1904025
2025-09-04 12:11:29.070537+05:30,150.8,,1904025
2025-09-04 12:11:29.623794+05:30,151.0,,1904025
2025-09-04 12:11:29.820951+05:30,151.55,,1904025
2025-09-04 12:11:30.074189+05:30,151.55,,1904025
2025-09-04 12:11:30.636095+05:30,152.1,,1904025
2025-09-04 12:11:31.110128+05:30,152.1,,1904025
2025-09-04 12:11:31.336538+05:30,151.75,,1904025
2025-09-04 12:11:31.567223+05:30,151.75,,1904025
2025-09-04 12:11:32.156016+05:30,152.25,,1904025
2025-09-04 12:11:32.570615+05:30,152.05,,1904025
2025-09-04 12:11:32.820300+05:30,152.15,,1904025
2025-09-04 12:11:33.320508+05:30,152.15,,1904025
2025-09-04 12:11:33.574720+05:30,152.35,,1904025
2025-09-04 12:11:34.166692+05:30,152.05,,1904025
2025-09-04 12:11:34.317339+05:30,152.05,,1904025
2025-09-04 12:11:34.825414+05:30,151.45,,1904025
2025-09-04 12:11:35.639168+05:30,151.85,,1904025
2025-09-04 12:11:36.111583+05:30,151.75,,1904025
2025-09-04 12:11:36.660152+05:30,151.75,,1904025
2025-09-04 12:11:37.070379+05:30,151.75,,1904025
2025-09-04 12:11:37.570274+05:30,151.6,,1904025
2025-09-04 12:11:38.070396+05:30,151.6,,1904025
2025-09-04 12:11:38.479826+05:30,151.6,,1904025
2025-09-04 12:11:39.153887+05:30,151.0,,1904025
2025-09-04 12:11:39.325427+05:30,151.1,,1904025
2025-09-04 12:11:39.821021+05:30,151.05,,1904025
2025-09-04 12:11:40.670732+05:30,149.9,,1904025
2025-09-04 12:11:41.070271+05:30,149.95,,1904025
2025-09-04 12:11:41.431458+05:30,150.45,,1904025
2025-09-04 12:11:42.067396+05:30,150.8,,1904025
2025-09-04 12:11:42.607147+05:30,150.5,,1904025
2025-09-04 12:11:43.163722+05:30,150.5,,1904025
2025-09-04 12:11:43.325400+05:30,150.5,,1904025
2025-09-04 12:11:43.631165+05:30,151.2,,1904025
2025-09-04 12:11:44.161929+05:30,151.1,,1904025
2025-09-04 12:11:44.406757+05:30,151.05,,1904025
2025-09-04 12:11:44.580287+05:30,151.2,,1904025
2025-09-04 12:11:45.075295+05:30,150.3,,1904025
2025-09-04 12:11:45.634814+05:30,150.7,,1904025
2025-09-04 12:11:45.866717+05:30,150.65,,1904025
2025-09-04 12:11:46.615947+05:30,150.65,,1904025
2025-09-04 12:11:47.130000+05:30,151.0,,1904025
2025-09-04 12:11:47.651876+05:30,150.3,,1904025
2025-09-04 12:11:48.085181+05:30,150.5,,1904025
2025-09-04 12:11:48.619110+05:30,151.45,,1904025
2025-09-04 12:11:49.171916+05:30,150.8,,1904025
2025-09-04 12:11:49.373091+05:30,150.65,,1904025
2025-09-04 12:11:49.608833+05:30,151.05,,1904025
2025-09-04 12:11:50.116128+05:30,151.55,,1904025
2025-09-04 12:11:50.652126+05:30,151.55,,1904025
2025-09-04 12:11:50.918144+05:30,151.55,,1904025
2025-09-04 12:11:51.065418+05:30,151.0,,1904025
2025-09-04 12:11:51.601786+05:30,151.05,,1904025
2025-09-04 12:11:52.126883+05:30,150.85,,1904025
2025-09-04 12:11:52.608372+05:30,150.55,,1904025
2025-09-04 12:11:53.117241+05:30,150.8,,1904025
2025-09-04 12:11:53.415395+05:30,150.8,,1904025
2025-09-04 12:11:54.104061+05:30,151.1,,1904025
2025-09-04 12:11:54.588018+05:30,151.1,,1904025
2025-09-04 12:11:55.171480+05:30,150.85,,1904025
2025-09-04 12:11:55.716542+05:30,150.75,,1904025
2025-09-04 12:11:56.082377+05:30,150.45,,1904025
2025-09-04 12:11:56.616221+05:30,150.1,,1904025
2025-09-04 12:11:57.106470+05:30,150.05,,1904025
2025-09-04 12:11:57.448793+05:30,150.25,,1904025
2025-09-04 12:11:57.611405+05:30,150.3,,1904025
2025-09-04 12:11:58.115058+05:30,150.3,,1904025
2025-09-04 12:11:58.424728+05:30,150.4,,1904025
2025-09-04 12:11:59.127232+05:30,150.7,,1904025
2025-09-04 12:11:59.570658+05:30,150.05,,1904025
2025-09-04 12:12:00.066254+05:30,148.25,,1904025
2025-09-04 12:12:00.569907+05:30,149.2,,1904025
2025-09-04 12:12:01.136241+05:30,149.25,,1904025
2025-09-04 12:12:01.575384+05:30,149.75,,1904025
2025-09-04 12:12:02.101883+05:30,149.55,,1904025
2025-09-04 12:12:02.622072+05:30,148.45,,1904025
2025-09-04 12:12:03.091968+05:30,148.7,,1904025
2025-09-04 12:12:03.650383+05:30,148.8,,1904025
2025-09-04 12:12:04.164239+05:30,148.85,,1904025
2025-09-04 12:12:04.677826+05:30,149.6,,1904025
2025-09-04 12:12:05.122634+05:30,149.6,,1904025
2025-09-04 12:12:05.599595+05:30,149.0,,1904025
2025-09-04 12:12:06.111118+05:30,148.65,,1904025
2025-09-04 12:12:06.696965+05:30,148.7,,1904025
2025-09-04 12:12:07.110891+05:30,149.4,,1904025
2025-09-04 12:12:07.404141+05:30,149.65,,1904025
2025-09-04 12:12:07.609185+05:30,149.5,,1904025
2025-09-04 12:12:08.126172+05:30,149.15,,1904025
2025-09-04 12:12:08.362822+05:30,149.15,,1904025
2025-09-04 12:12:08.651377+05:30,149.2,,1904025
2025-09-04 12:12:09.150048+05:30,149.8,,1904025
2025-09-04 12:12:09.652142+05:30,150.15,,1904025
2025-09-04 12:12:10.070171+05:30,149.75,,1904025
2025-09-04 12:12:10.617177+05:30,150.25,,1904025
2025-09-04 12:12:11.183728+05:30,150.15,,1904025
2025-09-04 12:12:11.587273+05:30,150.0,,1904025
2025-09-04 12:12:12.085806+05:30,150.25,,1904025
2025-09-04 12:12:12.386795+05:30,150.25,,1904025
2025-09-04 12:12:12.641900+05:30,150.0,,1904025
2025-09-04 12:12:13.069813+05:30,149.5,,1904025
2025-09-04 12:12:13.410177+05:30,149.65,,1904025
2025-09-04 12:12:13.612406+05:30,149.65,,1904025
2025-09-04 12:12:14.208099+05:30,149.75,,1904025
2025-09-04 12:12:14.653508+05:30,149.55,,1904025
2025-09-04 12:12:15.121813+05:30,149.65,,1904025
2025-09-04 12:12:15.582912+05:30,149.65,,1904025
2025-09-04 12:12:16.095258+05:30,149.75,,1904025
2025-09-04 12:12:16.632691+05:30,149.75,,1904025
2025-09-04 12:12:17.104182+05:30,149.65,,1904025
2025-09-04 12:12:17.591833+05:30,149.5,,1904025
2025-09-04 12:12:18.069473+05:30,149.45,,1904025
2025-09-04 12:12:18.319799+05:30,149.45,,1904025
2025-09-04 12:12:18.603699+05:30,149.2,,1904025
2025-09-04 12:12:19.161455+05:30,149.3,,1904025
2025-09-04 12:12:19.667999+05:30,149.3,,1904025
2025-09-04 12:12:20.083144+05:30,149.0,,1904025
2025-09-04 12:12:20.609048+05:30,148.6,,1904025
2025-09-04 12:12:21.120843+05:30,148.0,,1904025
2025-09-04 12:12:21.569897+05:30,148.55,,1904025
2025-09-04 12:12:22.078100+05:30,148.45,,1904025
2025-09-04 12:12:22.398164+05:30,148.45,,1904025
2025-09-04 12:12:22.643968+05:30,148.55,,1904025
2025-09-04 12:12:23.108840+05:30,148.0,,1904025
2025-09-04 12:12:23.414295+05:30,148.05,,1904025
2025-09-04 12:12:23.598081+05:30,148.05,,1904025
2025-09-04 12:12:24.144080+05:30,147.15,,1904025
2025-09-04 12:12:24.578462+05:30,146.7,,1904025
2025-09-04 12:12:25.120928+05:30,146.85,,1904025
2025-09-04 12:12:25.643765+05:30,148.25,,1904025
2025-09-04 12:16:19.229559+05:30,150.65,,2014650
2025-09-04 12:16:19.694734+05:30,150.5,,2014650
2025-09-04 12:16:20.359108+05:30,149.5,,2014650
2025-09-04 12:16:20.573929+05:30,148.8,,2014650
2025-09-04 12:16:21.363957+05:30,148.2,,2014650
2025-09-04 12:16:21.604552+05:30,148.3,,2014650
2025-09-04 12:16:22.101122+05:30,148.05,,2014650
2025-09-04 12:16:22.595637+05:30,148.4,,2014650
2025-09-04 12:16:23.380077+05:30,148.35,,2014650
2025-09-04 12:16:23.590262+05:30,148.2,,2014650
2025-09-04 12:16:24.068349+05:30,148.5,,2014650
2025-09-04 12:16:24.568187+05:30,148.1,,2014650
2025-09-04 12:16:25.113032+05:30,147.75,,2014650
2025-09-04 12:16:25.586973+05:30,147.65,,2014650
2025-09-04 12:16:26.371245+05:30,148.0,,2014650
2025-09-04 12:16:26.566290+05:30,147.1,,2014650
2025-09-04 12:16:27.355997+05:30,146.8,,2014650
2025-09-04 12:16:27.824311+05:30,147.9,,2014650
2025-09-04 12:18:24.967104+05:30,147.6,,2014650
2025-09-04 12:18:25.706539+05:30,147.6,,2014650
2025-09-04 12:18:25.962353+05:30,147.5,,2014650
2025-09-04 12:18:26.706403+05:30,147.65,,2014650
2025-09-04 12:18:26.956467+05:30,147.6,,2014650
2025-09-04 12:18:27.737000+05:30,147.55,,2014650
2025-09-04 12:18:28.052984+05:30,147.5,,2014650
2025-09-04 12:18:28.335780+05:30,147.2,,2014650
2025-09-04 12:18:28.773491+05:30,147.25,,2014650
2025-09-04 12:18:29.216152+05:30,147.75,,2014650
2025-09-04 12:18:29.489282+05:30,147.85,,2014650
2025-09-04 12:18:29.706505+05:30,147.1,,2014650
2025-09-04 12:18:29.956704+05:30,147.0,,2014650
2025-09-04 12:18:30.485969+05:30,147.0,,2014650
2025-09-04 12:18:30.760861+05:30,146.35,,2014650
2025-09-04 12:18:31.016730+05:30,146.4,,2014650
2025-09-04 12:18:31.706552+05:30,146.45,,2014650
2025-09-04 12:18:32.304598+05:30,147.0,,2014650
2025-09-04 12:18:32.706139+05:30,146.5,,2014650
2025-09-04 12:18:33.206308+05:30,146.5,,2014650
2025-09-04 12:18:33.452793+05:30,146.45,,2014650
2025-09-04 12:18:33.770000+05:30,146.65,,2014650
2025-09-04 12:18:34.222375+05:30,147.0,,2014650
2025-09-04 12:18:34.468150+05:30,147.05,,2014650
2025-09-04 12:18:35.206316+05:30,146.45,,2014650
2025-09-04 12:18:35.754809+05:30,146.8,,2014650
2025-09-04 12:18:36.305307+05:30,146.7,,2014650
2025-09-04 12:18:36.716358+05:30,147.0,,2014650
2025-09-04 12:18:37.087015+05:30,147.0,,2014650
2025-09-04 12:18:37.707427+05:30,146.7,,2014650
2025-09-04 12:18:38.262290+05:30,146.2,,2014650
2025-09-04 12:18:38.456850+05:30,146.2,,2014650
2025-09-04 12:18:38.706347+05:30,146.0,,2014650
2025-09-04 12:18:39.258303+05:30,145.8,,2014650
2025-09-04 12:18:39.498741+05:30,145.95,,2014650
2025-09-04 12:18:39.759262+05:30,145.95,,2014650
2025-09-04 12:18:40.202331+05:30,145.95,,2014650
2025-09-04 12:18:40.736133+05:30,145.8,,2014650
2025-09-04 12:18:41.202333+05:30,145.8,,2014650
2025-09-04 12:18:41.745203+05:30,146.05,,2014650
2025-09-04 12:18:42.065106+05:30,145.75,,2014650
2025-09-04 12:18:42.781202+05:30,146.1,,2014650
2025-09-04 12:18:43.239188+05:30,146.05,,2014650
2025-09-04 12:18:43.777147+05:30,146.1,,2014650
2025-09-04 12:18:43.956177+05:30,146.4,,2014650
2025-09-04 12:18:44.461149+05:30,146.45,,2014650
2025-09-04 12:18:45.289075+05:30,146.6,,2014650
2025-09-04 12:18:45.706116+05:30,146.05,,2014650
2025-09-04 12:18:46.201470+05:30,146.3,,2014650
2025-09-04 12:18:46.728031+05:30,145.6,,2014650
2025-09-04 12:18:47.233629+05:30,145.95,,2014650
2025-09-04 12:18:47.740873+05:30,145.65,,2014650
2025-09-04 12:18:47.956028+05:30,145.3,,2014650
2025-09-04 12:18:48.210289+05:30,145.6,,2014650
2025-09-04 12:18:48.701118+05:30,145.55,,2014650
2025-09-04 12:18:48.956168+05:30,145.25,,2014650
2025-09-04 12:18:49.456462+05:30,145.75,,2014650
2025-09-04 12:18:49.723863+05:30,145.85,,2014650
2025-09-04 12:18:50.354023+05:30,145.7,,2014650
2025-09-04 12:18:50.766041+05:30,145.3,,2014650
2025-09-04 12:18:50.955095+05:30,145.15,,2014650
2025-09-04 12:18:51.721914+05:30,145.3,,2014650
2025-09-04 12:18:51.955939+05:30,145.0,,2014650
2025-09-04 12:18:52.707180+05:30,145.4,,2014650
2025-09-04 12:18:52.951335+05:30,145.15,,2014650
2025-09-04 12:18:53.294261+05:30,145.6,,2014650
2025-09-04 12:18:53.731613+05:30,145.3,,2014650
2025-09-04 12:18:54.203310+05:30,144.25,,2014650
2025-09-04 12:18:54.470169+05:30,144.0,,2014650
2025-09-04 12:18:54.701033+05:30,144.2,,2014650
2025-09-04 12:18:54.955885+05:30,144.5,,2014650
2025-09-04 12:18:55.737084+05:30,144.15,,2014650
2025-09-04 12:18:55.974634+05:30,144.55,,2014650
2025-09-04 12:18:56.749884+05:30,144.5,,2014650
2025-09-04 12:18:57.211994+05:30,144.05,,2014650
2025-09-04 12:18:57.807474+05:30,143.8,,2014650
2025-09-04 12:18:58.281225+05:30,141.7,,2043900
2025-09-04 12:18:58.451008+05:30,141.8,,2043900
2025-09-04 12:18:58.743563+05:30,141.95,,2043900
2025-09-04 12:18:59.240652+05:30,141.75,,2043900
2025-09-04 12:18:59.516521+05:30,142.25,,2043900
2025-09-04 12:19:00.234723+05:30,141.6,,2043900
2025-09-04 12:19:00.731149+05:30,142.15,,2043900
2025-09-04 12:19:01.015578+05:30,142.35,,2043900
2025-09-04 12:19:01.734519+05:30,142.65,,2043900
2025-09-04 12:19:02.036461+05:30,142.7,,2043900
2025-09-04 12:19:02.773008+05:30,142.6,,2043900
2025-09-04 12:19:03.281346+05:30,143.1,,2043900
2025-09-04 12:19:03.515350+05:30,143.3,,2043900
2025-09-04 12:19:03.701009+05:30,143.3,,2043900
2025-09-04 12:19:04.245008+05:30,143.55,,2043900
2025-09-04 12:19:04.450864+05:30,143.75,,2043900
2025-09-04 12:19:04.764853+05:30,143.9,,2043900
2025-09-04 12:19:04.956535+05:30,143.8,,2043900
2025-09-04 12:19:05.706228+05:30,143.65,,2043900
2025-09-04 12:19:06.205653+05:30,143.5,,2043900
2025-09-04 12:33:57.480069+05:30,144.6,,2733075
2025-09-04 12:33:57.718363+05:30,143.95,,2733075
2025-09-04 12:33:57.895041+05:30,144.7,,2733075
2025-09-04 12:33:58.392568+05:30,144.65,,2733075
2025-09-04 12:33:58.649057+05:30,144.75,,2733075
2025-09-04 12:33:59.445139+05:30,145.4,,2733075
2025-09-04 12:33:59.927995+05:30,145.35,,2733075
2025-09-04 12:34:00.155584+05:30,145.55,,2733075
2025-09-04 12:34:00.455035+05:30,145.2,,2733075
2025-09-04 12:34:00.687816+05:30,145.2,,2733075
2025-09-04 12:34:00.881039+05:30,145.2,,2733075
2025-09-04 12:34:01.663186+05:30,145.1,,2718075
2025-09-04 12:34:01.875277+05:30,145.05,,2718075
2025-09-04 12:34:02.478699+05:30,145.35,,2718075
2025-09-04 12:34:02.916299+05:30,145.3,,2718075
2025-09-04 12:34:03.386145+05:30,145.7,,2718075
2025-09-04 12:34:03.656735+05:30,145.85,,2718075
2025-09-04 12:34:03.873184+05:30,145.8,,2718075
2025-09-04 12:34:04.519856+05:30,145.7,,2718075
2025-09-04 12:34:04.969744+05:30,145.85,,2718075
2025-09-04 12:34:05.150942+05:30,146.5,,2718075
2025-09-04 12:34:05.486137+05:30,146.9,,2718075
2025-09-04 12:34:05.905977+05:30,146.95,,2718075
2025-09-04 12:34:06.668707+05:30,147.45,,2718075
2025-09-04 12:34:06.892169+05:30,147.4,,2718075
2025-09-04 12:34:07.640053+05:30,147.5,,2718075
2025-09-04 12:34:07.943054+05:30,147.5,,2718075
2025-09-04 12:34:08.395789+05:30,146.6,,2718075
2025-09-04 12:34:08.881077+05:30,146.95,,2718075
2025-09-04 12:34:09.664978+05:30,145.65,,2718075
2025-09-04 12:34:09.890632+05:30,145.5,,2718075
2025-09-04 12:34:10.166046+05:30,145.95,,2718075
2025-09-04 12:34:10.660828+05:30,145.45,,2718075
2025-09-04 12:34:10.899973+05:30,146.1,,2718075
2025-09-04 12:34:11.448323+05:30,145.7,,2718075
2025-09-04 12:34:11.652266+05:30,145.6,,2718075
2025-09-04 12:34:11.971762+05:30,145.6,,2718075
2025-09-04 12:34:12.377031+05:30,145.9,,2718075
2025-09-04 12:34:12.876840+05:30,145.55,,2718075
2025-09-04 12:34:13.225180+05:30,145.65,,2718075
2025-09-04 12:34:13.388998+05:30,145.7,,2718075
2025-09-04 12:34:13.903957+05:30,145.85,,2718075
2025-09-04 12:34:14.450110+05:30,145.45,,2718075
2025-09-04 12:34:14.973540+05:30,145.35,,2718075
2025-09-04 12:34:15.191730+05:30,145.55,,2718075
2025-09-04 12:34:15.433320+05:30,145.2,,2718075
2025-09-04 12:34:15.895212+05:30,145.0,,2718075
2025-09-04 12:34:16.403973+05:30,144.45,,2718075
2025-09-04 12:34:16.698045+05:30,144.65,,2718075
2025-09-04 12:34:16.922047+05:30,144.6,,2718075
2025-09-04 12:34:17.386064+05:30,144.25,,2718075
2025-09-04 12:34:17.953846+05:30,144.35,,2718075
2025-09-04 12:34:18.235502+05:30,144.0,,2718075
2025-09-04 12:34:18.641890+05:30,144.6,,2718075
2025-09-04 12:34:18.881083+05:30,144.4,,2718075
2025-09-04 12:34:19.416101+05:30,144.3,,2718075
2025-09-04 12:34:19.932372+05:30,144.9,,2718075
2025-09-04 12:34:20.144727+05:30,144.85,,2718075
2025-09-04 12:34:20.396536+05:30,144.65,,2718075
2025-09-04 12:34:20.974143+05:30,144.7,,2718075
2025-09-04 12:34:21.624727+05:30,144.7,,2718075
2025-09-04 12:34:21.932127+05:30,144.15,,2718075
2025-09-04 12:34:22.660477+05:30,144.2,,2718075
2025-09-04 12:34:22.930995+05:30,144.25,,2718075
2025-09-04 12:34:23.457007+05:30,144.3,,2718075
2025-09-04 12:34:23.871636+05:30,144.65,,2718075
2025-09-04 12:34:24.433115+05:30,144.45,,2718075
2025-09-04 12:34:24.987760+05:30,145.0,,2718075
2025-09-04 12:34:25.164327+05:30,145.0,,2718075
2025-09-04 12:34:25.411320+05:30,144.85,,2718075
2025-09-04 12:34:25.915074+05:30,144.35,,2718075
2025-09-04 12:34:26.732968+05:30,143.35,,2718075
2025-09-04 12:34:26.937034+05:30,143.25,,2718075
2025-09-04 12:34:27.647919+05:30,143.4,,2718075
2025-09-04 12:34:27.889457+05:30,143.4,,2718075
2025-09-04 12:34:28.155910+05:30,143.5,,2718075
2025-09-04 12:34:28.461049+05:30,143.5,,2718075
2025-09-04 12:34:28.879984+05:30,143.5,,2718075
2025-09-04 12:34:29.378517+05:30,143.6,,2718075
2025-09-04 12:34:29.965395+05:30,144.1,,2718075
2025-09-04 12:34:30.217922+05:30,144.35,,2718075
2025-09-04 12:34:30.626509+05:30,144.75,,2718075
2025-09-04 12:34:31.663139+05:30,144.35,,2718075
2025-09-04 12:34:31.872066+05:30,144.4,,2718075
2025-09-04 12:34:32.389900+05:30,144.2,,2718075
2025-09-04 12:34:32.937576+05:30,143.85,,2718075
2025-09-04 12:34:33.416132+05:30,143.95,,2718075
2025-09-04 12:34:33.872165+05:30,143.85,,2718075
2025-09-04 12:34:34.430869+05:30,143.75,,2718075
2025-09-04 12:34:34.950518+05:30,143.55,,2718075
2025-09-04 12:34:35.189988+05:30,143.55,,2718075
2025-09-04 12:34:35.390314+05:30,143.7,,2718075
2025-09-04 12:34:35.974239+05:30,143.8,,2718075
2025-09-04 12:34:36.654194+05:30,143.15,,2718075
2025-09-04 12:34:36.876547+05:30,143.15,,2718075
2025-09-04 12:34:37.216418+05:30,143.55,,2718075
2025-09-04 12:34:37.435093+05:30,143.75,,2718075
2025-09-04 12:34:37.964578+05:30,143.55,,2718075
2025-09-04 12:34:38.407809+05:30,143.25,,2718075
2025-09-04 12:34:38.914579+05:30,143.55,,2718075
2025-09-04 12:34:39.417572+05:30,142.65,,2718075
2025-09-04 12:34:39.928487+05:30,142.65,,2718075
2025-09-04 12:34:40.137100+05:30,142.6,,2718075
2025-09-04 12:34:40.429311+05:30,142.55,,2718075
2025-09-04 12:34:40.964796+05:30,142.45,,2718075
2025-09-04 12:34:41.732843+05:30,141.55,,2718075
2025-09-04 12:34:41.921454+05:30,141.65,,2718075
2025-09-04 12:34:42.179407+05:30,141.5,,2718075
2025-09-04 12:34:42.667452+05:30,141.65,,2718075
2025-09-04 12:34:42.937948+05:30,141.95,,2718075
2025-09-04 12:34:43.456076+05:30,142.35,,2718075
2025-09-04 12:34:43.672063+05:30,142.45,,2718075
2025-09-04 12:34:43.930754+05:30,142.2,,2718075
2025-09-04 12:34:44.497696+05:30,142.05,,2718075
2025-09-04 12:34:44.891135+05:30,142.4,,2718075
2025-09-04 12:34:45.145060+05:30,142.1,,2718075
2025-09-04 12:34:45.406791+05:30,142.0,,2718075
2025-09-04 12:34:45.939758+05:30,141.9,,2718075
2025-09-04 12:34:46.420937+05:30,142.05,,2718075
2025-09-04 12:34:46.694245+05:30,141.9,,2718075
2025-09-04 12:34:46.876187+05:30,141.8,,2718075
2025-09-04 12:34:47.204444+05:30,142.0,,2718075
2025-09-04 12:34:47.389011+05:30,142.0,,2718075
2025-09-04 12:34:47.917731+05:30,141.7,,2718075
2025-09-04 12:34:48.165230+05:30,141.6,,2718075
2025-09-04 12:34:48.472258+05:30,141.6,,2718075
2025-09-04 12:34:48.883999+05:30,141.55,,2718075
2025-09-04 12:34:49.707696+05:30,141.65,,2718075
2025-09-04 12:34:49.955760+05:30,141.55,,2718075
2025-09-04 12:34:50.139483+05:30,141.95,,2718075
2025-09-04 12:34:50.438989+05:30,141.65,,2718075
2025-09-04 12:34:50.899177+05:30,141.75,,2718075
2025-09-04 12:34:51.677296+05:30,141.25,,2718075
2025-09-04 12:34:51.900457+05:30,141.0,,2718075
2025-09-04 12:34:52.129587+05:30,141.0,,2718075
2025-09-04 12:34:52.398898+05:30,141.2,,2718075
2025-09-04 12:34:52.913976+05:30,141.1,,2718075
2025-09-04 12:34:53.454438+05:30,141.6,,2718075
2025-09-04 12:34:53.655062+05:30,141.45,,2718075
2025-09-04 12:34:54.394350+05:30,141.6,,2718075
2025-09-04 12:34:54.961867+05:30,141.6,,2718075
2025-09-04 12:34:55.390249+05:30,141.65,,2718075
2025-09-04 12:34:55.876263+05:30,141.6,,2718075
2025-09-04 12:34:56.485508+05:30,141.6,,2718075
2025-09-04 12:34:56.908592+05:30,141.5,,2718075
2025-09-04 12:34:57.382491+05:30,141.25,,2718075
2025-09-04 12:34:57.960969+05:30,141.4,,2718075
2025-09-04 12:34:58.263139+05:30,141.1,,2718075
2025-09-04 12:34:58.399597+05:30,141.2,,2718075
2025-09-04 12:34:58.745446+05:30,141.2,,2718075
2025-09-04 12:34:58.923977+05:30,141.4,,2718075
2025-09-04 12:34:59.437916+05:30,140.9,,2718075
2025-09-04 12:34:59.906269+05:30,140.95,,2718075
2025-09-04 12:35:00.378696+05:30,141.35,,2718075
2025-09-04 12:35:00.691080+05:30,141.35,,2718075
2025-09-04 12:35:00.898387+05:30,140.7,,2718075
2025-09-04 12:35:01.419290+05:30,140.45,,2718075
2025-09-04 12:35:01.898293+05:30,140.75,,2718075
2025-09-04 12:35:02.399040+05:30,140.6,,2718075
2025-09-04 12:35:02.972141+05:30,140.65,,2718075
2025-09-04 12:35:03.429338+05:30,141.1,,2718075
2025-09-04 12:35:03.715030+05:30,140.8,,2718075
2025-09-04 12:35:04.403091+05:30,141.2,,2718075
2025-09-04 12:35:04.955326+05:30,139.65,,2718075
2025-09-04 12:35:05.380311+05:30,139.95,,2718075
2025-09-04 12:35:05.947367+05:30,139.0,,2718075
2025-09-04 12:35:06.459828+05:30,139.6,,2718075
2025-09-04 12:35:06.898252+05:30,139.35,,2718075
2025-09-04 12:35:07.218615+05:30,139.35,,2718075
2025-09-04 12:35:07.393146+05:30,139.75,,2718075
2025-09-04 12:35:07.971890+05:30,140.05,,2718075
2025-09-04 12:35:08.381275+05:30,140.1,,2718075
2025-09-04 12:35:08.712284+05:30,140.25,,2718075
2025-09-04 12:35:08.879169+05:30,140.6,,2718075
2025-09-04 12:35:09.436744+05:30,140.9,,2718075
2025-09-04 12:35:09.900463+05:30,140.75,,2718075
2025-09-04 12:35:10.446562+05:30,140.7,,2718075
2025-09-04 12:35:10.902349+05:30,140.9,,2718075
2025-09-04 12:35:11.438105+05:30,140.55,,2718075
2025-09-04 12:35:11.889721+05:30,140.5,,2718075
2025-09-04 12:35:12.220609+05:30,140.2,,2718075
2025-09-04 12:35:12.419774+05:30,140.35,,2718075
2025-09-04 12:35:12.883513+05:30,140.4,,2718075
2025-09-04 12:35:13.413969+05:30,140.7,,2718075
2025-09-04 12:35:13.673488+05:30,140.15,,2718075
2025-09-04 12:35:14.417066+05:30,140.6,,2718075
2025-09-04 12:35:14.988323+05:30,140.5,,2718075
2025-09-04 12:35:15.398065+05:30,140.45,,2718075
2025-09-04 12:35:15.897815+05:30,140.65,,2718075
2025-09-04 12:35:16.481412+05:30,140.7,,2718075
2025-09-04 12:35:16.875888+05:30,141.3,,2718075
2025-09-04 12:35:17.214373+05:30,141.7,,2718075
2025-09-04 12:35:17.392856+05:30,141.65,,2718075
2025-09-04 12:35:17.933993+05:30,141.75,,2718075
2025-09-04 12:35:18.375896+05:30,141.3,,2718075
2025-09-04 12:35:18.707824+05:30,141.6,,2718075
2025-09-04 12:35:18.901390+05:30,141.2,,2718075
2025-09-04 12:35:19.423199+05:30,141.55,,2718075
2025-09-04 12:35:19.899996+05:30,141.45,,2718075
2025-09-04 12:35:20.402932+05:30,141.55,,2718075
2025-09-04 12:35:20.897794+05:30,140.95,,2718075
2025-09-04 12:35:21.495550+05:30,141.25,,2718075
2025-09-04 12:35:21.946688+05:30,141.25,,2718075
2025-09-04 12:35:22.170826+05:30,141.1,,2718075
2025-09-04 12:35:22.431563+05:30,141.15,,2718075
2025-09-04 12:35:22.936704+05:30,141.05,,2718075
2025-09-04 12:35:23.672605+05:30,141.4,,2718075
2025-09-04 12:35:23.882078+05:30,141.1,,2718075
2025-09-04 12:35:24.442281+05:30,141.1,,2718075
2025-09-04 12:35:24.958555+05:30,141.45,,2718075
2025-09-04 12:35:25.402115+05:30,141.5,,2718075
2025-09-04 12:35:25.882078+05:30,141.4,,2718075
2025-09-04 12:35:26.393404+05:30,142.0,,2718075
2025-09-04 12:35:26.875408+05:30,141.8,,2718075
2025-09-04 12:35:27.193914+05:30,141.45,,2718075
2025-09-04 12:35:27.703928+05:30,141.75,,2718075
2025-09-04 12:35:27.870899+05:30,141.6,,2718075
2025-09-04 13:44:22.053813+05:30,138.7,,2223150
2025-09-04 13:44:22.444065+05:30,138.7,,2223150
2025-09-04 13:44:23.197487+05:30,138.75,,2223150
2025-09-04 13:44:23.730941+05:30,138.65,,2223150
2025-09-04 13:44:24.155167+05:30,139.15,,2223150
2025-09-04 13:44:24.463835+05:30,139.05,,2223150
2025-09-04 13:44:25.158556+05:30,139.0,,2223150
2025-09-04 13:44:25.500801+05:30,138.6,,2223150
2025-09-04 13:44:26.278596+05:30,139.05,,2223150
2025-09-04 13:44:26.458467+05:30,139.3,,2223150
2025-09-04 13:44:26.678510+05:30,139.7,,2223150
2025-09-04 13:44:26.908424+05:30,139.7,,2223150
2025-09-04 13:44:27.243669+05:30,139.7,,2223150
2025-09-04 13:44:27.408873+05:30,140.0,,2223150
2025-09-04 13:44:28.223514+05:30,140.7,,2223150
2025-09-04 13:44:28.559941+05:30,140.4,,2223150
2025-09-04 13:44:29.175148+05:30,139.9,,2223150
2025-09-04 13:44:29.439512+05:30,140.25,,2223150
2025-09-04 13:44:30.233826+05:30,139.55,,2223150
2025-09-04 13:44:30.433357+05:30,139.55,,2223150
2025-09-04 13:44:30.742556+05:30,139.55,,2223150
2025-09-04 13:44:31.182647+05:30,140.4,,2223150
2025-09-04 13:44:31.468588+05:30,140.35,,2223150
2025-09-04 13:44:31.708689+05:30,140.4,,2223150
2025-09-04 13:44:31.906342+05:30,140.8,,2223150
2025-09-04 13:44:32.218374+05:30,140.65,,2223150
2025-09-04 13:44:32.408227+05:30,140.6,,2223150
2025-09-04 13:44:33.202222+05:30,140.45,,2223150
2025-09-04 13:44:33.548487+05:30,140.7,,2223150
2025-09-04 13:44:34.246805+05:30,140.5,,2223150
2025-09-04 13:44:34.408384+05:30,140.2,,2223150
2025-09-04 13:44:35.226790+05:30,140.6,,2223150
2025-09-04 13:44:35.468838+05:30,140.6,,2223150
2025-09-04 13:44:36.237505+05:30,140.6,,2223150
2025-09-04 13:44:36.453676+05:30,140.25,,2223150
2025-09-04 13:44:36.697771+05:30,140.45,,2223150
2025-09-04 13:44:36.963251+05:30,140.35,,2223150
2025-09-04 13:44:37.184937+05:30,139.95,,2223150
2025-09-04 13:44:37.535311+05:30,140.2,,2223150
2025-09-04 13:44:38.229638+05:30,139.85,,2223150
2025-09-04 13:44:38.446934+05:30,140.1,,2223150
2025-09-04 13:44:39.219097+05:30,140.45,,2223150
2025-09-04 13:44:39.452265+05:30,140.2,,2223150
2025-09-04 13:44:40.189857+05:30,140.35,,2223150
2025-09-04 13:44:40.486636+05:30,140.4,,2223150
2025-09-04 13:44:41.249394+05:30,140.2,,2223150
2025-09-04 13:44:41.458819+05:30,140.3,,2223150
2025-09-04 13:44:41.707150+05:30,140.3,,2223150
2025-09-04 13:44:41.904223+05:30,140.75,,2223150
2025-09-04 13:44:42.171378+05:30,140.55,,2223150
2025-09-04 13:44:42.409089+05:30,140.2,,2223150
2025-09-04 13:44:43.219806+05:30,140.65,,2223150
2025-09-04 13:44:43.457642+05:30,141.35,,2223150
2025-09-04 13:44:44.249966+05:30,141.25,,2223150
2025-09-04 13:44:44.499395+05:30,141.5,,2223150
2025-09-04 13:44:45.222693+05:30,141.4,,2223150
2025-09-04 13:44:45.408888+05:30,141.05,,2223150
2025-09-04 13:44:46.220887+05:30,141.65,,2223150
2025-09-04 13:44:46.519931+05:30,141.6,,2223150
2025-09-04 13:44:46.674805+05:30,141.6,,2223150
2025-09-04 13:44:46.925119+05:30,141.8,,2223150
2025-09-04 13:44:47.235747+05:30,141.8,,2223150
2025-09-04 13:44:47.482431+05:30,141.4,,2223150
2025-09-04 13:44:48.261829+05:30,141.9,,2223150
2025-09-04 13:44:48.497910+05:30,142.0,,2223150
2025-09-04 13:44:49.159367+05:30,142.0,,2223150
2025-09-04 13:44:49.483857+05:30,141.65,,2223150
2025-09-04 13:44:50.245429+05:30,141.75,,2223150
2025-09-04 13:44:50.470670+05:30,141.65,,2223150
2025-09-04 13:44:51.159604+05:30,141.3,,2223150
2025-09-04 13:44:51.410006+05:30,141.35,,2223150
2025-09-04 13:44:51.673913+05:30,141.45,,2223150
2025-09-04 13:44:51.908415+05:30,141.6,,2223150
2025-09-04 13:44:52.216998+05:30,141.6,,2223150
2025-09-04 13:44:52.467072+05:30,141.65,,2223150
2025-09-04 13:44:53.212893+05:30,142.5,,2223150
2025-09-04 13:44:53.412837+05:30,142.1,,2223150
2025-09-04 13:44:54.278543+05:30,142.15,,2223150
2025-09-04 13:44:54.460698+05:30,142.4,,2223150
2025-09-04 13:44:55.188156+05:30,142.2,,2223150
2025-09-04 13:44:55.458559+05:30,141.75,,2223150
2025-09-04 13:44:56.195501+05:30,141.8,,2223150
2025-09-04 13:44:56.447355+05:30,141.55,,2223150
2025-09-04 13:44:56.676114+05:30,141.3,,2223150
2025-09-04 13:44:57.159991+05:30,141.3,,2223150
2025-09-04 13:44:57.450059+05:30,141.35,,2223150
2025-09-04 13:44:58.285021+05:30,141.0,,2223150
2025-09-04 13:44:58.496115+05:30,141.65,,2223150
2025-09-04 13:44:59.280705+05:30,141.15,,2223150
2025-09-04 13:44:59.460007+05:30,141.6,,2223150
2025-09-04 13:45:00.161898+05:30,141.25,,2223150
2025-09-04 13:45:00.460218+05:30,141.25,,2223150
2025-09-04 13:45:00.723797+05:30,141.25,,2223150
2025-09-04 13:45:01.190364+05:30,141.25,,2223150
2025-09-04 13:45:01.480874+05:30,140.75,,2223150
2025-09-04 13:45:01.740888+05:30,140.55,,2223150
2025-09-04 13:45:02.253316+05:30,141.05,,2223150
2025-09-04 13:45:02.446467+05:30,141.15,,2223150
2025-09-04 13:45:03.247839+05:30,141.25,,2223150
2025-09-04 13:45:03.475255+05:30,141.1,,2223150
2025-09-04 13:45:04.196589+05:30,141.85,,2223150
2025-09-04 13:45:04.686345+05:30,141.2,,2223150
2025-09-04 13:45:05.210143+05:30,141.25,,2223150
2025-09-04 13:45:05.461372+05:30,140.95,,2223150
2025-09-04 13:45:06.191159+05:30,140.95,,2223150
2025-09-04 13:45:06.471046+05:30,140.75,,2223150
2025-09-04 13:45:06.663116+05:30,140.75,,2223150
2025-09-04 13:45:07.221437+05:30,140.75,,2223150
2025-09-04 13:45:07.481795+05:30,140.55,,2223150
2025-09-04 13:45:08.247807+05:30,140.7,,2223150
2025-09-04 13:45:08.512832+05:30,140.6,,2223150
2025-09-04 13:45:08.658924+05:30,140.95,,2223150
2025-09-04 13:45:09.252262+05:30,140.6,,2223150
2025-09-04 13:45:09.449327+05:30,140.6,,2223150
2025-09-04 13:45:10.160534+05:30,140.45,,2223150
2025-09-04 13:45:10.498316+05:30,140.35,,2223150
2025-09-04 13:45:11.159908+05:30,140.35,,2223150
2025-09-04 13:45:11.467973+05:30,140.35,,2223150
2025-09-04 13:45:11.697231+05:30,140.7,,2223150
2025-09-04 13:45:12.232381+05:30,140.4,,2223150
2025-09-04 13:45:12.438637+05:30,140.65,,2223150
2025-09-04 13:45:13.200040+05:30,141.15,,2223150
2025-09-04 13:45:13.416011+05:30,141.45,,2223150
2025-09-04 13:45:14.224343+05:30,141.1,,2223150
2025-09-04 13:45:14.462915+05:30,141.15,,2223150
2025-09-04 13:45:15.177124+05:30,140.85,,2223150
2025-09-04 13:45:15.482561+05:30,141.45,,2223150
2025-09-04 13:45:16.195851+05:30,142.0,,2223150
2025-09-04 13:45:16.747976+05:30,141.5,,2223150
2025-09-04 13:45:17.213392+05:30,141.8,,2223150
2025-09-04 13:45:17.409136+05:30,141.9,,2223150
2025-09-04 13:45:18.208774+05:30,141.9,,2223150
2025-09-04 13:45:18.443200+05:30,141.9,,2223150
2025-09-04 13:45:19.301339+05:30,142.25,,2223150
2025-09-04 13:45:19.480501+05:30,142.25,,2223150
2025-09-04 13:45:20.251146+05:30,142.3,,2223150
2025-09-04 13:45:20.463089+05:30,142.1,,2223150
2025-09-04 13:45:21.159070+05:30,141.9,,2223150
2025-09-04 13:45:21.468981+05:30,141.95,,2223150
2025-09-04 13:45:21.693322+05:30,141.45,,2223150
2025-09-04 13:45:22.171872+05:30,142.3,,2223150
2025-09-04 13:45:22.409166+05:30,143.0,,2223150
2025-09-04 13:45:23.243938+05:30,143.0,,2223150
2025-09-04 13:45:23.430506+05:30,143.2,,2223150
2025-09-04 13:45:23.702121+05:30,143.2,,2223150
2025-09-04 13:45:24.187641+05:30,143.6,,2223150
2025-09-04 13:45:24.468676+05:30,143.8,,2223150
2025-09-04 13:45:25.237438+05:30,143.45,,2223150
2025-09-04 13:45:25.434401+05:30,143.7,,2223150
2025-09-04 13:45:26.262704+05:30,144.1,,2223150
2025-09-04 13:45:26.514907+05:30,143.85,,2223150
2025-09-04 13:45:26.907596+05:30,143.9,,2223150
2025-09-04 13:45:27.215423+05:30,143.5,,2223150
2025-09-04 13:45:27.536574+05:30,143.2,,2223150
2025-09-04 13:45:28.313138+05:30,143.2,,2223150
2025-09-04 13:45:28.432036+05:30,143.05,,2223150
2025-09-04 13:45:28.680665+05:30,142.95,,2223150
2025-09-04 13:45:29.156198+05:30,142.95,,2223150
2025-09-04 13:45:29.419688+05:30,143.1,,2223150
2025-09-04 13:45:30.176710+05:30,143.0,,2223150
2025-09-04 13:45:30.411764+05:30,142.95,,2223150
2025-09-04 13:45:31.236824+05:30,143.0,,2223150
2025-09-04 13:45:31.471087+05:30,142.9,,2223150
2025-09-04 13:45:31.907828+05:30,142.8,,2223150
2025-09-04 13:45:32.224355+05:30,142.6,,2223150
2025-09-04 13:45:32.442388+05:30,142.4,,2223150
2025-09-04 13:45:33.259787+05:30,141.8,,2223150
2025-09-04 13:45:33.665615+05:30,141.85,,2223150
2025-09-04 13:45:34.215421+05:30,141.8,,2223150
2025-09-04 13:45:34.706257+05:30,142.05,,2223150
2025-09-04 13:45:35.160983+05:30,141.7,,2223150
2025-09-04 13:45:35.674206+05:30,142.0,,2223150
2025-09-04 13:45:36.157869+05:30,141.95,,2223150
2025-09-04 13:45:36.752268+05:30,141.8,,2223150
2025-09-04 13:45:36.907835+05:30,142.2,,2223150
2025-09-04 13:45:37.203327+05:30,142.2,,2223150
2025-09-04 13:45:37.528659+05:30,142.1,,2223150
2025-09-04 13:45:38.213221+05:30,141.55,,2223150
2025-09-04 13:45:38.458432+05:30,141.6,,2223150
2025-09-04 13:45:38.683104+05:30,141.7,,2223150
2025-09-04 13:45:39.219243+05:30,141.7,,2223150
2025-09-04 13:45:39.674016+05:30,141.55,,2223150
2025-09-04 13:45:40.175234+05:30,141.6,,2223150
2025-09-04 13:45:40.475285+05:30,141.55,,2223150
2025-09-04 13:45:41.153245+05:30,141.7,,2223150
2025-09-04 13:45:41.409527+05:30,141.85,,2223150
2025-09-04 13:45:41.907443+05:30,141.7,,2223150
2025-09-04 13:45:42.193608+05:30,141.7,,2223150
2025-09-04 13:45:42.515197+05:30,141.85,,2223150
2025-09-04 13:45:43.184461+05:30,141.6,,2223150
2025-09-04 13:45:43.489672+05:30,141.6,,2223150
2025-09-04 13:45:43.674725+05:30,141.15,,2223150
2025-09-04 13:45:44.228028+05:30,141.9,,2223150
2025-09-04 13:45:44.481528+05:30,141.4,,2223150
2025-09-04 13:45:45.190549+05:30,141.25,,2223150
2025-09-04 13:45:45.404197+05:30,142.1,,2223150
2025-09-04 13:45:45.696147+05:30,142.1,,2223150
2025-09-04 13:45:46.249361+05:30,141.9,,2223150
2025-09-04 13:45:46.533628+05:30,142.5,,2223150
2025-09-04 13:45:46.908285+05:30,142.3,,2223150
2025-09-04 13:45:47.164877+05:30,142.3,,2223150
2025-09-04 13:45:47.408641+05:30,142.6,,2223150
2025-09-04 13:45:48.212484+05:30,142.5,,2223150
2025-09-04 13:45:48.470481+05:30,142.6,,2223150
2025-09-04 13:45:48.687245+05:30,142.35,,2223150
2025-09-04 13:45:49.228333+05:30,142.3,,2223150
2025-09-04 13:45:49.479758+05:30,142.4,,2223150
2025-09-04 13:45:50.158727+05:30,142.55,,2223150
2025-09-04 13:45:50.464533+05:30,142.45,,2223150
2025-09-04 13:45:51.159625+05:30,142.8,,2223150
2025-09-04 13:45:51.403199+05:30,143.55,,2223150
2025-09-04 13:45:51.907384+05:30,143.0,,2223150
2025-09-04 13:45:52.199278+05:30,143.1,,2223150
2025-09-04 13:45:52.409022+05:30,143.3,,2223150
2025-09-04 13:45:53.258780+05:30,143.4,,2223150
2025-09-04 13:45:53.424615+05:30,142.8,,2223150
2025-09-04 13:45:53.707622+05:30,142.8,,2223150
2025-09-04 13:45:54.208745+05:30,143.0,,2223150
2025-09-04 13:45:54.522538+05:30,143.1,,2223150
2025-09-04 13:45:55.186727+05:30,143.15,,2223150
2025-09-04 13:45:55.456013+05:30,143.0,,2223150
2025-09-04 13:45:56.187356+05:30,143.4,,2223150
2025-09-04 13:45:56.495792+05:30,143.3,,2223150
2025-09-04 13:45:56.917943+05:30,143.4,,2223150
2025-09-04 13:45:57.168308+05:30,142.65,,2223150
2025-09-04 13:45:57.535308+05:30,143.05,,2223150
2025-09-04 13:45:58.251702+05:30,143.4,,2223150
2025-09-04 13:45:58.482745+05:30,142.95,,2223150
2025-09-04 13:45:58.665924+05:30,142.95,,2223150
2025-09-04 13:45:59.179169+05:30,143.1,,2223150
2025-09-04 13:45:59.410294+05:30,142.9,,2223150
2025-09-04 13:46:00.195818+05:30,142.7,,2223150
2025-09-04 13:46:00.517642+05:30,142.7,,2223150
2025-09-04 13:46:00.742908+05:30,142.7,,2223150
2025-09-04 13:46:01.158929+05:30,142.5,,2223150
2025-09-04 13:46:01.520371+05:30,142.8,,2223150
2025-09-04 13:46:01.936815+05:30,142.95,,2223150
2025-09-04 13:46:02.208033+05:30,142.7,,2223150
2025-09-04 13:46:02.468824+05:30,142.0,,2223150
2025-09-04 13:46:03.218960+05:30,142.0,,2223150
2025-09-04 13:46:03.674412+05:30,142.0,,2223150
2025-09-04 13:46:04.215956+05:30,141.95,,2223150
2025-09-04 13:46:04.674571+05:30,141.9,,2223150
2025-09-04 13:46:05.175174+05:30,142.0,,2223150
2025-09-04 13:46:05.469702+05:30,141.7,,2223150
2025-09-04 13:46:05.690583+05:30,141.75,,2223150
2025-09-04 13:46:06.170590+05:30,141.7,,2223150
2025-09-04 13:46:06.528303+05:30,141.75,,2223150
2025-09-04 13:46:06.931212+05:30,141.7,,2223150
2025-09-04 13:46:07.276313+05:30,141.4,,2223150
2025-09-04 13:46:07.402548+05:30,141.5,,2223150
2025-09-04 13:46:08.241713+05:30,141.5,,2223150
2025-09-04 13:46:08.441944+05:30,141.7,,2223150
2025-09-04 13:46:08.680414+05:30,141.9,,2223150
2025-09-04 13:46:09.212484+05:30,142.2,,2223150
2025-09-04 13:46:09.425733+05:30,142.35,,2223150
2025-09-04 13:46:10.181608+05:30,142.65,,2223150
2025-09-04 13:46:10.519706+05:30,142.9,,2223150
2025-09-04 13:46:11.208192+05:30,142.35,,2223150
2025-09-04 13:46:11.685864+05:30,142.0,,2223150
2025-09-04 13:46:11.907159+05:30,142.45,,2223150
2025-09-04 13:46:12.265555+05:30,142.45,,2223150
2025-09-04 13:46:12.676363+05:30,142.45,,2311050
2025-09-04 13:46:13.196400+05:30,142.55,,2311050
2025-09-04 13:46:13.670522+05:30,141.5,,2311050
2025-09-04 13:46:14.186314+05:30,141.5,,2311050
2025-09-04 13:46:14.655910+05:30,141.25,,2311050
2025-09-04 13:46:15.187699+05:30,141.75,,2311050
2025-09-04 13:46:15.543271+05:30,141.75,,2311050
2025-09-04 13:46:16.193395+05:30,141.6,,2311050
2025-09-04 13:46:16.508186+05:30,141.75,,2311050
2025-09-04 13:46:16.936872+05:30,140.75,,2311050
2025-09-04 13:46:17.293596+05:30,140.5,,2311050
2025-09-04 13:46:17.490279+05:30,140.8,,2311050
2025-09-04 13:46:18.246842+05:30,140.55,,2311050
2025-09-04 13:46:18.689112+05:30,140.4,,2311050
2025-09-04 13:46:19.158548+05:30,140.6,,2311050
2025-09-04 13:46:19.425859+05:30,140.85,,2311050
2025-09-04 13:46:20.176781+05:30,140.75,,2311050
2025-09-04 13:46:20.489737+05:30,140.75,,2311050
2025-09-04 13:46:21.191652+05:30,140.25,,2311050
2025-09-04 13:46:21.507312+05:30,140.95,,2311050
2025-09-04 13:46:21.907007+05:30,140.8,,2311050
2025-09-04 13:46:22.235124+05:30,140.65,,2311050
2025-09-04 13:46:22.527141+05:30,140.85,,2311050
2025-09-04 13:46:23.229823+05:30,140.6,,2311050
2025-09-04 13:46:23.510875+05:30,140.6,,2311050
2025-09-04 13:46:23.676287+05:30,141.0,,2311050
2025-09-04 13:46:24.223370+05:30,141.15,,2311050
2025-09-04 13:46:24.465938+05:30,140.8,,2311050
2025-09-04 13:46:25.158382+05:30,141.1,,2311050
2025-09-04 13:46:25.523319+05:30,141.15,,2311050
2025-09-04 13:46:26.243165+05:30,140.95,,2311050
2025-09-04 13:46:26.486361+05:30,141.2,,2311050
2025-09-04 13:46:26.906914+05:30,141.25,,2311050
2025-09-04 13:46:27.232562+05:30,141.2,,2311050
2025-09-04 13:46:27.462696+05:30,141.3,,2311050
2025-09-04 13:46:28.169708+05:30,142.0,,2311050
2025-09-04 13:46:28.476498+05:30,142.0,,2311050
2025-09-04 13:46:28.694367+05:30,141.9,,2311050
2025-09-04 13:46:29.230929+05:30,141.65,,2311050
2025-09-04 13:46:29.704399+05:30,142.1,,2311050
2025-09-04 13:46:30.231637+05:30,142.3,,2311050
2025-09-04 13:46:30.467991+05:30,142.3,,2311050
2025-09-04 13:46:30.657336+05:30,142.3,,2311050
2025-09-04 13:46:31.158950+05:30,141.7,,2311050
2025-09-04 13:46:31.485030+05:30,141.65,,2311050
2025-09-04 13:46:31.923239+05:30,141.65,,2311050
2025-09-04 13:46:32.223990+05:30,141.7,,2311050
2025-09-04 13:46:32.408103+05:30,142.4,,2311050
2025-09-04 13:46:33.183328+05:30,141.95,,2311050
2025-09-04 13:46:33.700692+05:30,142.3,,2311050
2025-09-04 13:46:34.249823+05:30,141.95,,2311050
2025-09-04 13:46:34.408503+05:30,142.2,,2311050
2025-09-04 13:46:35.186856+05:30,141.35,,2311050
2025-09-04 13:46:35.407216+05:30,141.5,,2311050
2025-09-04 13:46:36.201083+05:30,142.0,,2311050
2025-09-04 13:46:36.407310+05:30,141.65,,2311050
2025-09-04 13:46:36.961853+05:30,141.4,,2311050
2025-09-04 13:46:37.154155+05:30,141.4,,2311050
2025-09-04 13:46:37.541044+05:30,141.0,,2311050
2025-09-04 13:46:38.257082+05:30,141.0,,2311050
2025-09-04 13:46:38.433287+05:30,141.0,,2311050
2025-09-04 13:46:38.680785+05:30,140.95,,2311050
2025-09-04 13:46:39.154128+05:30,140.9,,2311050
2025-09-04 13:46:39.414828+05:30,140.25,,2311050
2025-09-04 13:46:40.204307+05:30,140.2,,2311050
2025-09-04 13:46:40.483368+05:30,140.2,,2311050
2025-09-04 13:46:41.202996+05:30,140.4,,2311050
2025-09-04 13:46:41.506078+05:30,140.5,,2311050
2025-09-04 13:46:41.937046+05:30,140.45,,2311050
2025-09-04 13:46:42.245377+05:30,140.6,,2311050
2025-09-04 13:46:42.538612+05:30,140.55,,2311050
2025-09-04 13:46:43.213635+05:30,140.95,,2311050
2025-09-04 13:46:43.408586+05:30,140.75,,2311050
2025-09-04 13:46:43.678253+05:30,141.2,,2311050
2025-09-04 13:46:44.165257+05:30,141.35,,2311050
2025-09-04 13:46:44.482152+05:30,141.3,,2311050
2025-09-04 13:46:45.158285+05:30,141.8,,2311050
2025-09-04 13:46:45.484403+05:30,141.8,,2311050
2025-09-04 13:46:45.656846+05:30,141.8,,2311050
2025-09-04 13:46:46.241324+05:30,141.55,,2311050
2025-09-04 13:46:46.407988+05:30,141.55,,2311050
2025-09-04 13:46:46.923218+05:30,141.45,,2311050
2025-09-04 13:46:47.235095+05:30,141.45,,2311050
2025-09-04 13:46:47.429983+05:30,141.7,,2311050
2025-09-04 13:46:48.300906+05:30,141.7,,2311050
2025-09-04 13:46:48.733770+05:30,141.05,,2311050
2025-09-04 13:46:49.157870+05:30,141.4,,2311050
2025-09-04 13:46:49.411052+05:30,141.35,,2311050
2025-09-04 13:46:50.220868+05:30,141.6,,2311050
2025-09-04 13:46:50.546251+05:30,141.4,,2311050
2025-09-04 13:46:51.240731+05:30,141.4,,2311050
2025-09-04 13:46:51.475294+05:30,141.3,,2311050
2025-09-04 13:46:51.907602+05:30,141.3,,2311050
2025-09-04 13:46:52.245882+05:30,141.3,,2311050
2025-09-04 13:46:52.718203+05:30,141.25,,2311050
2025-09-04 13:46:53.223756+05:30,141.15,,2311050
2025-09-04 13:46:53.667376+05:30,141.15,,2311050
2025-09-04 13:46:54.235589+05:30,141.4,,2311050
2025-09-04 13:46:54.479802+05:30,141.3,,2311050
2025-09-04 13:46:55.216815+05:30,141.6,,2311050
2025-09-04 13:46:55.508596+05:30,141.6,,2311050
2025-09-04 13:46:56.235032+05:30,141.85,,2311050
2025-09-04 13:46:56.415223+05:30,141.85,,2311050
2025-09-04 13:46:56.911791+05:30,141.55,,2311050
2025-09-04 13:46:57.153070+05:30,141.55,,2311050
2025-09-04 13:46:57.471097+05:30,141.9,,2311050
2025-09-04 13:46:58.246759+05:30,141.85,,2311050
2025-09-04 13:46:58.492814+05:30,141.75,,2311050
2025-09-04 13:46:59.210659+05:30,141.35,,2311050
2025-09-04 13:46:59.485569+05:30,141.35,,2311050
2025-09-04 13:47:00.505090+05:30,141.3,,2311050
2025-09-04 13:47:01.164317+05:30,142.05,,2311050
2025-09-04 13:47:01.497185+05:30,141.0,,2311050
2025-09-04 13:47:01.945118+05:30,141.1,,2311050
2025-09-04 13:47:02.158118+05:30,141.1,,2311050
2025-09-04 13:47:02.474994+05:30,141.4,,2311050
2025-09-04 13:47:03.269069+05:30,141.5,,2311050
2025-09-04 13:47:03.448981+05:30,141.25,,2311050
2025-09-04 13:47:04.158530+05:30,140.95,,2311050
2025-09-04 13:47:04.429570+05:30,140.95,,2311050
2025-09-04 13:47:05.231289+05:30,139.9,,2311050
2025-09-04 13:47:05.674696+05:30,140.45,,2311050
2025-09-04 13:47:06.191658+05:30,140.0,,2311050
2025-09-04 13:47:06.518294+05:30,140.0,,2311050
2025-09-04 13:47:06.907029+05:30,140.55,,2311050
2025-09-04 13:47:07.207812+05:30,140.65,,2311050
2025-09-04 13:47:07.691569+05:30,140.5,,2311050
2025-09-04 13:47:08.251432+05:30,140.75,,2311050
2025-09-04 13:47:08.402359+05:30,140.7,,2311050
2025-09-04 13:47:09.202923+05:30,140.85,,2311050
2025-09-04 13:47:09.407675+05:30,140.85,,2311050
2025-09-04 13:47:10.157972+05:30,140.95,,2311050
2025-09-04 13:47:10.525000+05:30,140.8,,2311050
2025-09-04 13:47:11.196870+05:30,141.35,,2311050
2025-09-04 13:47:11.410877+05:30,141.2,,2311050
2025-09-04 13:47:11.906594+05:30,141.2,,2311050
2025-09-04 13:47:12.187514+05:30,141.4,,2311050
2025-09-04 13:47:12.520991+05:30,141.45,,2311050
2025-09-04 13:47:13.158329+05:30,141.15,,2311050
2025-09-04 13:47:13.500845+05:30,141.15,,2311050
2025-09-04 13:47:14.159075+05:30,141.4,,2311050
2025-09-04 13:47:14.402588+05:30,141.2,,2311050
2025-09-04 13:47:15.158005+05:30,140.8,,2311050
2025-09-04 13:47:15.542957+05:30,140.9,,2311050
2025-09-04 13:47:16.170587+05:30,140.8,,2311050
2025-09-04 13:47:16.537519+05:30,140.4,,2311050
2025-09-04 13:47:16.907150+05:30,140.2,,2311050
2025-09-04 13:47:17.215607+05:30,140.3,,2311050
2025-09-04 13:47:17.457795+05:30,140.15,,2311050
2025-09-04 13:47:18.157995+05:30,140.15,,2311050
2025-09-04 13:47:18.690612+05:30,140.25,,2311050
2025-09-04 13:47:19.158894+05:30,139.9,,2311050
2025-09-04 13:47:19.681156+05:30,139.85,,2311050
2025-09-04 13:47:20.153595+05:30,139.65,,2311050
2025-09-04 13:47:20.460769+05:30,139.8,,2311050
2025-09-04 13:47:20.700823+05:30,139.7,,2311050
2025-09-04 13:47:21.182628+05:30,139.85,,2311050
2025-09-04 13:47:21.490220+05:30,139.6,,2311050
2025-09-04 13:47:21.949964+05:30,139.55,,2311050
2025-09-04 13:47:22.185788+05:30,139.55,,2311050
2025-09-04 13:47:22.695884+05:30,140.3,,2311050
2025-09-04 13:47:23.255877+05:30,139.65,,2311050
2025-09-04 13:47:23.495571+05:30,139.85,,2311050
2025-09-04 13:47:24.247992+05:30,139.5,,2311050
2025-09-04 13:47:24.407611+05:30,139.55,,2311050
2025-09-04 13:47:25.178768+05:30,139.15,,2311050
2025-09-04 13:47:25.475813+05:30,139.3,,2311050
2025-09-04 13:47:26.158722+05:30,140.15,,2311050
2025-09-04 13:47:26.418075+05:30,140.45,,2311050
2025-09-04 13:47:26.955267+05:30,140.2,,2311050
2025-09-04 13:47:27.217716+05:30,140.2,,2311050
2025-09-04 13:47:27.656426+05:30,139.9,,2311050
2025-09-04 13:47:28.273073+05:30,139.7,,2311050
2025-09-04 13:47:28.526586+05:30,140.2,,2311050
2025-09-04 13:47:28.662316+05:30,140.2,,2311050
2025-09-04 13:47:29.230461+05:30,139.9,,2311050
2025-09-04 13:47:29.508442+05:30,139.85,,2311050
2025-09-04 13:47:30.249940+05:30,139.4,,2311050
2025-09-04 13:47:30.516959+05:30,140.0,,2311050
2025-09-04 13:47:31.198876+05:30,140.2,,2311050
2025-09-04 13:47:31.723557+05:30,140.1,,2311050
2025-09-04 13:47:32.151582+05:30,140.25,,2311050
2025-09-04 13:47:32.465367+05:30,140.2,,2311050
2025-09-04 13:47:33.204252+05:30,139.95,,2311050
2025-09-04 13:47:33.505884+05:30,139.4,,2311050
2025-09-04 13:47:34.157381+05:30,136.85,,2311050
2025-09-04 13:47:34.516551+05:30,136.85,,2311050
2025-09-04 13:47:35.247378+05:30,137.5,,2311050
2025-09-04 13:47:35.482100+05:30,137.05,,2311050
2025-09-04 13:47:36.465417+05:30,137.45,,2311050
2025-09-04 13:47:36.724591+05:30,137.35,,2311050
2025-09-04 13:47:37.222475+05:30,137.65,,2311050
2025-09-04 13:47:37.696308+05:30,137.45,,2311050
2025-09-04 13:47:38.217405+05:30,137.25,,2311050
2025-09-04 13:47:38.530530+05:30,137.45,,2311050
2025-09-04 13:47:39.472176+05:30,137.55,,2311050
2025-09-04 13:47:40.507256+05:30,137.75,,2311050
2025-09-04 13:47:41.472534+05:30,138.05,,2311050
2025-09-04 13:47:42.203972+05:30,137.3,,2311050
2025-09-04 13:47:42.712442+05:30,137.55,,2311050
2025-09-04 13:47:43.235172+05:30,137.35,,2311050
2025-09-04 13:47:43.502832+05:30,137.2,,2311050
2025-09-04 13:47:44.234533+05:30,137.05,,2311050
2025-09-04 13:47:44.470845+05:30,136.35,,2311050
2025-09-04 13:47:45.490362+05:30,136.7,,2311050
2025-09-04 13:47:46.493737+05:30,136.8,,2311050
2025-09-04 13:47:46.651710+05:30,136.2,,2311050
2025-09-04 13:47:46.911480+05:30,136.95,,2311050
2025-09-04 13:47:47.432456+05:30,136.9,,2311050
2025-09-04 13:47:48.458958+05:30,137.35,,2311050
2025-09-04 13:47:49.239655+05:30,137.45,,2311050
2025-09-04 13:47:49.492855+05:30,137.7,,2311050
2025-09-04 13:47:50.450532+05:30,137.75,,2311050
2025-09-04 13:47:51.409073+05:30,138.3,,2311050
2025-09-04 13:47:51.906374+05:30,138.2,,2311050
2025-09-04 13:47:52.223650+05:30,138.05,,2311050
2025-09-04 13:47:52.472753+05:30,138.05,,2311050
2025-09-04 13:47:53.439321+05:30,137.7,,2311050
2025-09-04 13:47:54.554228+05:30,138.0,,2311050
2025-09-04 13:47:55.238825+05:30,138.5,,2311050
2025-09-04 13:47:55.483597+05:30,138.55,,2311050
2025-09-04 13:47:56.205032+05:30,138.6,,2311050
2025-09-04 13:47:56.687532+05:30,138.15,,2311050
2025-09-04 13:47:56.906064+05:30,138.35,,2311050
2025-09-04 13:47:57.219937+05:30,138.0,,2311050
2025-09-04 13:47:57.502671+05:30,138.2,,2311050
2025-09-04 13:47:58.244126+05:30,138.3,,2311050
2025-09-04 13:47:58.427030+05:30,138.3,,2311050
2025-09-04 13:47:59.485179+05:30,138.45,,2311050
2025-09-04 13:48:00.182322+05:30,138.55,,2311050
2025-09-04 13:48:00.471860+05:30,138.5,,2311050
2025-09-04 13:48:00.906172+05:30,138.5,,2311050
2025-09-04 13:48:01.443248+05:30,138.7,,2311050
2025-09-04 13:48:01.656129+05:30,138.35,,2311050
2025-09-04 13:48:01.906169+05:30,137.8,,2311050
2025-09-04 13:48:02.259367+05:30,138.45,,2311050
2025-09-04 13:48:02.470737+05:30,138.75,,2311050
2025-09-04 13:48:03.157582+05:30,138.55,,2311050
2025-09-04 13:48:03.440259+05:30,138.45,,2311050
2025-09-04 13:48:04.162315+05:30,138.05,,2311050
2025-09-04 13:48:04.713425+05:30,138.3,,2311050
2025-09-04 13:48:05.435330+05:30,138.15,,2311050
2025-09-04 13:48:05.688871+05:30,138.0,,2311050
2025-09-04 13:48:06.461382+05:30,138.2,,2311050
2025-09-04 13:48:06.659438+05:30,138.4,,2311050
2025-09-04 13:48:06.906086+05:30,138.0,,2311050
2025-09-04 13:48:07.528844+05:30,138.0,,2311050
2025-09-04 13:48:07.674773+05:30,138.3,,2311050
2025-09-04 13:48:08.471220+05:30,138.3,,2311050
2025-09-04 13:48:09.157859+05:30,138.0,,2311050
2025-09-04 13:48:09.741559+05:30,138.35,,2311050
2025-09-04 13:48:10.234396+05:30,138.3,,2311050
2025-09-04 13:48:10.656053+05:30,138.0,,2311050
2025-09-04 13:48:11.407413+05:30,138.0,,2311050
2025-09-04 13:48:11.689688+05:30,137.85,,2311050
2025-09-04 13:48:11.929082+05:30,138.0,,2311050
2025-09-04 13:48:12.466712+05:30,137.7,,2311050
2025-09-04 13:48:12.722482+05:30,137.65,,2311050
2025-09-04 13:48:13.487887+05:30,136.7,,2311050
2025-09-04 13:48:14.170222+05:30,136.8,,2311050
2025-09-04 13:48:14.718086+05:30,136.85,,2311050
2025-09-04 13:48:15.203561+05:30,136.95,,2311050
2025-09-04 13:48:15.653174+05:30,137.0,,2311050
2025-09-04 13:48:16.227003+05:30,135.9,,2311050
2025-09-04 13:48:16.690696+05:30,136.05,,2311050
2025-09-04 13:48:16.905907+05:30,136.05,,2311050
2025-09-04 13:48:17.212130+05:30,136.3,,2311050
2025-09-04 13:48:17.655885+05:30,136.5,,2311050
2025-09-04 13:48:18.489083+05:30,135.9,,2311050
2025-09-04 13:48:19.451284+05:30,135.45,,2311050
2025-09-04 13:48:19.655952+05:30,135.15,,2311050
2025-09-04 13:48:20.491807+05:30,135.05,,2311050
2025-09-04 13:48:20.718277+05:30,135.3,,2311050
2025-09-04 13:48:21.463247+05:30,135.2,,2311050
2025-09-04 13:48:21.700717+05:30,134.6,,2311050
2025-09-04 13:48:21.946003+05:30,134.8,,2311050
2025-09-04 13:48:22.455412+05:30,134.9,,2311050
2025-09-04 13:48:22.721842+05:30,135.0,,2311050
2025-09-04 13:48:23.496521+05:30,134.7,,2311050
2025-09-04 13:48:24.477459+05:30,135.0,,2311050
2025-09-04 13:48:24.750490+05:30,134.5,,2311050
2025-09-04 13:48:25.187708+05:30,134.8,,2311050
2025-09-04 13:48:25.657937+05:30,135.05,,2311050
2025-09-04 13:48:26.427735+05:30,135.2,,2311050
2025-09-04 13:48:26.717940+05:30,135.75,,2311050
2025-09-04 13:48:26.924258+05:30,135.45,,2311050
2025-09-04 13:48:27.473704+05:30,135.5,,2311050
2025-09-04 13:48:27.701644+05:30,135.6,,2311050
2025-09-04 13:48:28.510867+05:30,135.85,,2311050
2025-09-04 13:48:28.677935+05:30,135.7,,2311050
2025-09-04 13:48:29.463773+05:30,135.8,,2311050
2025-09-04 13:48:29.743541+05:30,135.9,,2311050
2025-09-04 13:48:30.509154+05:30,135.7,,2311050
2025-09-04 13:48:30.720588+05:30,135.95,,2311050
2025-09-04 13:48:31.499934+05:30,135.55,,2311050
2025-09-04 13:48:31.679365+05:30,135.7,,2311050
2025-09-04 13:48:31.905870+05:30,135.7,,2311050
2025-09-04 13:48:32.232760+05:30,135.75,,2311050
2025-09-04 13:48:32.660921+05:30,135.7,,2311050
2025-09-04 13:48:33.513313+05:30,136.0,,2311050
2025-09-04 13:48:34.487095+05:30,135.6,,2311050
2025-09-04 13:48:34.721038+05:30,135.2,,2311050
2025-09-04 13:48:35.406952+05:30,135.55,,2311050
2025-09-04 13:48:35.724308+05:30,135.5,,2311050
2025-09-04 13:48:36.238155+05:30,135.35,,2311050
2025-09-04 13:48:36.655892+05:30,135.5,,2311050
2025-09-04 13:48:36.931878+05:30,135.5,,2311050
2025-09-04 13:48:37.252595+05:30,135.5,,2311050
2025-09-04 13:48:37.743245+05:30,135.2,,2311050
2025-09-04 13:48:38.200961+05:30,135.15,,2311050
2025-09-04 13:48:38.482013+05:30,134.5,,2311050
2025-09-04 13:48:38.686215+05:30,134.55,,2311050
2025-09-04 13:48:39.449875+05:30,134.7,,2311050
2025-09-04 13:48:39.697633+05:30,134.3,,2311050
2025-09-04 13:48:40.406162+05:30,134.75,,2311050
2025-09-04 13:48:40.655909+05:30,134.95,,2311050
2025-09-04 13:48:41.521918+05:30,134.6,,2311050
2025-09-04 13:48:41.655749+05:30,134.85,,2311050
2025-09-04 13:48:41.910592+05:30,134.55,,2311050
2025-09-04 13:48:42.190342+05:30,134.65,,2311050
2025-09-04 13:48:42.690548+05:30,134.55,,2311050
2025-09-04 13:48:43.406220+05:30,135.05,,2311050
2025-09-04 13:48:44.416979+05:30,134.9,,2311050
2025-09-04 13:48:44.749695+05:30,134.8,,2311050
2025-09-04 13:48:45.491630+05:30,135.15,,2311050
2025-09-04 13:48:45.732220+05:30,135.1,,2311050
2025-09-04 13:48:46.202234+05:30,134.95,,2311050
2025-09-04 13:48:46.720873+05:30,134.35,,2311050
2025-09-04 13:48:46.906253+05:30,133.95,,2311050
2025-09-04 13:48:47.157536+05:30,133.85,,2311050
2025-09-04 13:48:47.689780+05:30,134.0,,2311050
2025-09-04 13:48:48.454116+05:30,134.05,,2311050
2025-09-04 13:48:49.544178+05:30,133.7,,2311050
2025-09-04 13:48:49.746193+05:30,133.85,,2311050
2025-09-04 13:48:50.454674+05:30,132.7,,2311050
2025-09-04 13:48:50.793712+05:30,132.85,,2311050
2025-09-04 13:48:51.235932+05:30,132.7,,2311050
2025-09-04 13:48:51.666571+05:30,133.0,,2311050
2025-09-04 13:48:51.916922+05:30,133.1,,2311050
2025-09-04 13:48:52.479434+05:30,133.2,,2311050
2025-09-04 13:48:52.747689+05:30,132.8,,2311050
2025-09-04 13:48:53.420268+05:30,132.75,,2311050
2025-09-04 13:48:54.185104+05:30,132.4,,2311050
2025-09-04 13:48:54.665293+05:30,132.4,,2311050
2025-09-04 13:48:55.490468+05:30,132.15,,2311050
2025-09-04 13:48:55.681273+05:30,132.35,,2311050
2025-09-04 13:48:56.521859+05:30,132.75,,2311050
2025-09-04 13:48:56.737719+05:30,132.7,,2311050
2025-09-04 13:48:56.905566+05:30,132.8,,2311050
2025-09-04 13:48:57.439630+05:30,132.95,,2311050
2025-09-04 13:48:57.711967+05:30,132.65,,2311050
2025-09-04 13:48:58.230015+05:30,132.75,,2311050
2025-09-04 13:48:58.441325+05:30,132.55,,2311050
2025-09-04 13:48:59.460041+05:30,132.85,,2311050
2025-09-04 13:48:59.700391+05:30,132.6,,2311050
2025-09-04 13:49:00.219595+05:30,132.25,,2311050
2025-09-04 13:49:00.655918+05:30,132.25,,2311050
2025-09-04 13:49:01.406725+05:30,132.7,,2311050
2025-09-04 13:49:01.651738+05:30,132.55,,2311050
2025-09-04 13:49:01.905524+05:30,132.35,,2311050
2025-09-04 13:49:02.541138+05:30,132.45,,2311050
2025-09-04 13:49:02.695085+05:30,132.2,,2311050
2025-09-04 13:49:03.466754+05:30,132.5,,2311050
2025-09-04 13:49:04.406792+05:30,132.55,,2311050
2025-09-04 13:49:04.683396+05:30,132.1,,2311050
2025-09-04 13:49:05.471752+05:30,132.35,,2311050
2025-09-04 13:49:05.694604+05:30,132.15,,2311050
2025-09-04 13:49:06.212349+05:30,132.25,,2311050
2025-09-04 13:49:06.687361+05:30,132.35,,2311050
2025-09-04 13:49:06.906247+05:30,132.5,,2311050
2025-09-04 13:49:07.504542+05:30,132.85,,2311050
2025-09-04 13:49:07.717845+05:30,132.4,,2311050
2025-09-04 13:49:08.439407+05:30,133.0,,2311050
2025-09-04 13:49:08.711728+05:30,133.05,,2311050
2025-09-04 13:49:09.424031+05:30,133.35,,2311050
2025-09-04 13:49:09.689951+05:30,133.3,,2311050
2025-09-04 13:49:10.451499+05:30,133.0,,2311050
2025-09-04 13:49:10.689608+05:30,132.7,,2311050
2025-09-04 13:49:11.560365+05:30,132.25,,2311050
2025-09-04 13:49:11.678264+05:30,132.05,,2311050
2025-09-04 13:49:11.905414+05:30,132.05,,2311050
2025-09-04 13:49:12.156315+05:30,132.0,,2311050
2025-09-04 13:49:12.718000+05:30,132.35,,2311050
2025-09-04 13:49:13.482721+05:30,132.7,,2434575
2025-09-04 13:49:13.713766+05:30,132.7,,2434575
2025-09-04 13:49:14.184777+05:30,132.45,,2434575
2025-09-04 13:49:14.737973+05:30,132.55,,2434575
2025-09-04 13:49:15.156944+05:30,132.0,,2434575
2025-09-04 13:49:15.712339+05:30,132.55,,2434575
2025-09-04 13:49:16.507300+05:30,134.6,,2434575
2025-09-04 13:49:16.688083+05:30,134.3,,2434575
2025-09-04 13:49:16.943365+05:30,134.6,,2434575
2025-09-04 13:49:17.232812+05:30,134.65,,2434575
2025-09-04 13:49:17.695223+05:30,134.25,,2434575
2025-09-04 13:49:18.213873+05:30,134.4,,2434575
2025-09-04 13:49:18.461880+05:30,134.1,,2434575
2025-09-04 13:49:19.188658+05:30,134.1,,2434575
2025-09-04 13:49:19.655423+05:30,134.4,,2434575
2025-09-04 13:49:20.511388+05:30,134.8,,2434575
2025-09-04 13:49:20.675517+05:30,134.6,,2434575
2025-09-04 13:49:21.250987+05:30,134.15,,2434575
2025-09-04 13:49:21.689373+05:30,134.55,,2434575
2025-09-04 13:49:21.905386+05:30,134.75,,2434575
2025-09-04 13:49:22.156653+05:30,134.75,,2434575
2025-09-04 13:49:22.708777+05:30,134.9,,2434575
2025-09-04 13:49:23.229016+05:30,135.25,,2434575
2025-09-04 13:49:23.459924+05:30,135.5,,2434575
2025-09-04 13:49:24.451985+05:30,135.05,,2434575
2025-09-04 13:49:24.657755+05:30,134.45,,2434575
2025-09-04 13:49:25.433467+05:30,134.25,,2434575
2025-09-04 13:49:26.433973+05:30,134.0,,2434575
2025-09-04 13:49:26.706242+05:30,133.85,,2434575
2025-09-04 13:49:26.905392+05:30,134.0,,2434575
2025-09-04 13:49:27.155871+05:30,133.7,,2434575
2025-09-04 13:49:27.674385+05:30,133.75,,2434575
2025-09-04 13:49:28.208027+05:30,133.6,,2434575
2025-09-04 13:49:28.498757+05:30,133.95,,2434575
2025-09-04 13:49:29.226345+05:30,133.75,,2434575
2025-09-04 13:49:29.667966+05:30,133.65,,2434575
2025-09-04 13:49:30.479039+05:30,133.55,,2434575
2025-09-04 13:49:30.704621+05:30,133.55,,2434575
2025-09-04 13:49:31.189991+05:30,133.7,,2434575
2025-09-04 13:49:31.687699+05:30,133.8,,2434575
2025-09-04 13:49:31.905292+05:30,133.6,,2434575
2025-09-04 13:49:32.256948+05:30,133.6,,2434575
2025-09-04 13:49:32.705065+05:30,133.3,,2434575
2025-09-04 13:49:33.213700+05:30,133.4,,2434575
2025-09-04 13:49:33.405945+05:30,133.4,,2434575
2025-09-04 13:49:34.448544+05:30,133.35,,2434575
2025-09-04 13:49:34.678584+05:30,133.05,,2434575
2025-09-04 13:49:35.181587+05:30,133.3,,2434575
2025-09-04 13:49:35.408769+05:30,132.9,,2434575
2025-09-04 13:49:36.524518+05:30,133.05,,2434575
2025-09-04 13:49:36.692582+05:30,133.0,,2434575
2025-09-04 13:49:36.905244+05:30,132.95,,2434575
2025-09-04 13:49:37.223131+05:30,132.65,,2434575
2025-09-04 13:49:37.674654+05:30,132.7,,2434575
2025-09-04 13:49:38.406384+05:30,132.45,,2434575
2025-09-04 13:49:38.655181+05:30,132.5,,2434575
2025-09-04 13:49:39.215091+05:30,132.8,,2434575
2025-09-04 13:49:39.704010+05:30,132.95,,2434575
2025-09-04 13:49:40.174721+05:30,133.05,,2434575
2025-09-04 13:49:40.464626+05:30,133.2,,2434575
2025-09-04 13:49:40.705057+05:30,133.25,,2434575
2025-09-04 13:49:41.526541+05:30,133.35,,2434575
2025-09-04 13:49:41.698859+05:30,133.25,,2434575
2025-09-04 13:49:42.265911+05:30,133.4,,2434575
2025-09-04 13:49:42.457759+05:30,133.45,,2434575
2025-09-04 13:49:42.765798+05:30,133.7,,2434575
2025-09-04 13:49:43.472749+05:30,134.3,,2434575
2025-09-04 13:49:43.702000+05:30,134.4,,2434575
2025-09-04 13:49:44.194899+05:30,133.95,,2434575
2025-09-04 13:49:44.702704+05:30,134.0,,2434575
2025-09-04 13:49:45.174562+05:30,133.9,,2434575
2025-09-04 13:49:45.400411+05:30,134.0,,2434575
2025-09-04 13:49:46.220429+05:30,134.5,,2434575
2025-09-04 13:49:46.664885+05:30,134.4,,2434575
2025-09-04 13:49:47.156267+05:30,134.25,,2434575
2025-09-04 13:49:47.712314+05:30,134.35,,2434575
2025-09-04 13:49:48.409925+05:30,134.5,,2434575
2025-09-04 13:49:48.678091+05:30,134.55,,2434575
2025-09-04 13:49:49.407325+05:30,134.65,,2434575
2025-09-04 13:49:49.707865+05:30,134.7,,2434575
2025-09-04 13:49:50.428325+05:30,134.75,,2434575
2025-09-04 13:49:50.652524+05:30,134.45,,2434575
2025-09-04 13:49:51.192811+05:30,134.8,,2434575
2025-09-04 13:49:51.688815+05:30,134.85,,2434575
2025-09-04 13:49:51.900552+05:30,134.85,,2434575
2025-09-04 13:49:52.275973+05:30,134.85,,2434575
2025-09-04 13:49:52.673378+05:30,134.9,,2434575
2025-09-04 13:49:53.449329+05:30,134.8,,2434575
2025-09-04 13:49:53.734126+05:30,134.15,,2434575
2025-09-04 13:49:54.502004+05:30,134.3,,2434575
2025-09-04 13:49:54.716117+05:30,134.4,,2434575
2025-09-04 13:49:55.534796+05:30,134.25,,2434575
2025-09-04 13:49:56.538203+05:30,134.3,,2434575
2025-09-04 13:49:56.704577+05:30,133.95,,2434575
2025-09-04 13:49:56.904987+05:30,134.3,,2434575
2025-09-04 13:49:57.455508+05:30,134.3,,2434575
2025-09-04 13:49:57.728809+05:30,134.05,,2434575
2025-09-04 13:49:58.186421+05:30,134.7,,2434575
2025-09-04 13:49:58.698133+05:30,134.65,,2434575
2025-09-04 13:49:59.461959+05:30,135.3,,2434575
2025-09-04 13:49:59.720932+05:30,135.0,,2434575
2025-09-04 13:50:00.438796+05:30,134.95,,2434575
2025-09-04 13:50:00.659794+05:30,134.95,,2434575
2025-09-04 13:50:01.157080+05:30,134.5,,2434575
2025-09-04 13:50:01.678658+05:30,135.0,,2434575
2025-09-04 13:50:01.905205+05:30,134.75,,2434575
2025-09-04 13:50:02.208108+05:30,135.0,,2434575
2025-09-04 13:50:02.733401+05:30,135.15,,2434575
2025-09-04 13:50:03.156698+05:30,134.9,,2434575
2025-09-04 13:50:03.714572+05:30,134.8,,2434575
2025-09-04 13:50:04.213566+05:30,134.7,,2434575
2025-09-04 13:50:04.741972+05:30,134.9,,2434575
2025-09-04 13:50:05.455166+05:30,134.5,,2434575
2025-09-04 13:50:06.515388+05:30,134.7,,2434575
2025-09-04 13:50:06.690130+05:30,134.95,,2434575
2025-09-04 13:50:06.932236+05:30,134.95,,2434575
2025-09-04 13:50:07.177422+05:30,135.15,,2434575
2025-09-04 13:50:07.687119+05:30,134.7,,2434575
2025-09-04 13:50:08.448247+05:30,135.25,,2434575
2025-09-04 13:50:08.692578+05:30,135.4,,2434575
2025-09-04 13:50:09.510167+05:30,135.5,,2434575
2025-09-04 13:50:09.678860+05:30,135.3,,2434575
2025-09-04 13:50:10.452311+05:30,134.95,,2434575
2025-09-04 13:50:10.713636+05:30,135.3,,2434575
2025-09-04 13:50:11.195277+05:30,135.35,,2434575
2025-09-04 13:50:11.744819+05:30,135.05,,2434575
2025-09-04 13:50:11.914808+05:30,134.95,,2434575
2025-09-04 13:50:12.178615+05:30,135.0,,2434575
2025-09-04 13:50:12.720746+05:30,135.7,,2434575
2025-09-04 13:50:13.443903+05:30,135.9,,2434575
2025-09-04 13:50:13.654956+05:30,135.85,,2434575
2025-09-04 13:50:14.475394+05:30,135.7,,2434575
2025-09-04 13:50:14.725127+05:30,135.45,,2434575
2025-09-04 13:50:15.472681+05:30,136.1,,2434575
2025-09-04 13:50:15.693459+05:30,136.15,,2434575
2025-09-04 13:50:16.207611+05:30,136.4,,2434575
2025-09-04 13:50:16.755271+05:30,136.4,,2434575
2025-09-04 13:50:16.932809+05:30,135.35,,2434575
2025-09-04 13:50:17.234130+05:30,134.6,,2434575
2025-09-04 13:50:17.735883+05:30,134.75,,2434575
2025-09-04 13:50:18.191608+05:30,134.6,,2434575
2025-09-04 13:50:18.693609+05:30,134.7,,2434575
2025-09-04 13:50:19.155766+05:30,133.55,,2434575
2025-09-04 13:50:19.725102+05:30,133.75,,2434575
2025-09-04 13:50:20.515389+05:30,133.35,,2434575
2025-09-04 13:50:21.204692+05:30,133.35,,2434575
2025-09-04 13:50:21.705495+05:30,133.55,,2434575
2025-09-04 13:50:21.991884+05:30,133.0,,2434575
2025-09-04 13:50:22.167966+05:30,133.2,,2434575
2025-09-04 13:50:22.735090+05:30,133.1,,2434575
2025-09-04 13:50:23.538318+05:30,132.95,,2434575
2025-09-04 13:50:23.747851+05:30,133.15,,2434575
2025-09-04 13:50:24.156782+05:30,133.2,,2434575
2025-09-04 13:50:24.661902+05:30,132.7,,2434575
2025-09-04 13:50:25.406222+05:30,131.45,,2434575
2025-09-04 13:50:25.729475+05:30,131.9,,2434575
2025-09-04 13:50:26.250094+05:30,131.2,,2434575
2025-09-04 13:50:26.658983+05:30,131.35,,2434575
2025-09-04 13:50:26.937857+05:30,131.1,,2434575
2025-09-04 13:50:27.174647+05:30,130.7,,2434575
2025-09-04 13:50:27.735807+05:30,130.5,,2434575
2025-09-04 13:50:28.513114+05:30,130.6,,2434575
2025-09-04 13:50:28.687181+05:30,130.95,,2434575
2025-09-04 13:50:29.505367+05:30,132.0,,2434575
2025-09-04 13:50:29.711521+05:30,131.65,,2434575
2025-09-04 13:50:30.435466+05:30,131.8,,2434575
2025-09-04 13:50:30.687088+05:30,131.55,,2434575
2025-09-04 13:50:31.405914+05:30,132.05,,2434575
2025-09-04 13:50:31.720882+05:30,131.9,,2434575
2025-09-04 13:50:31.904625+05:30,131.85,,2434575
2025-09-04 13:50:32.154933+05:30,132.3,,2434575
2025-09-04 13:50:32.470826+05:30,132.15,,2434575
2025-09-04 13:50:32.751129+05:30,132.35,,2434575
2025-09-04 13:50:33.445970+05:30,132.5,,2434575
2025-09-04 13:50:33.711312+05:30,132.5,,2434575
2025-09-04 13:50:34.155789+05:30,132.4,,2434575
2025-09-04 13:50:34.731110+05:30,132.6,,2434575
2025-09-04 13:50:35.473343+05:30,132.4,,2434575
2025-09-04 13:50:35.685343+05:30,132.8,,2434575
2025-09-04 13:50:36.176710+05:30,132.1,,2434575
2025-09-04 13:50:36.671085+05:30,132.15,,2434575
2025-09-04 13:50:36.953388+05:30,132.05,,2434575
2025-09-04 13:50:37.156742+05:30,132.05,,2434575
2025-09-04 13:50:37.729699+05:30,132.3,,2434575
2025-09-04 13:50:38.199181+05:30,132.2,,2434575
2025-09-04 13:50:38.679574+05:30,132.35,,2434575
2025-09-04 13:50:39.461540+05:30,133.0,,2434575
2025-09-04 13:50:39.654680+05:30,133.35,,2434575
2025-09-04 13:50:40.400045+05:30,133.95,,2434575
2025-09-04 13:50:40.678670+05:30,133.6,,2434575
2025-09-04 13:50:41.164195+05:30,133.8,,2434575
2025-09-04 13:50:41.657159+05:30,133.95,,2434575
2025-09-04 13:50:41.943857+05:30,133.7,,2434575
2025-09-04 13:50:42.222160+05:30,133.9,,2434575
2025-09-04 13:50:42.670102+05:30,134.3,,2434575
2025-09-04 13:50:43.172404+05:30,134.6,,2434575
2025-09-04 13:50:43.724471+05:30,134.75,,2434575
2025-09-04 13:50:44.485769+05:30,134.65,,2434575
2025-09-04 13:50:44.706582+05:30,134.3,,2434575
2025-09-04 13:50:45.183731+05:30,134.55,,2434575
2025-09-04 13:50:45.709827+05:30,134.95,,2434575
2025-09-04 13:50:46.208206+05:30,134.65,,2434575
2025-09-04 13:50:46.672782+05:30,134.3,,2434575
2025-09-04 13:50:46.907377+05:30,134.55,,2434575
2025-09-04 13:50:47.211340+05:30,134.3,,2434575
2025-09-04 13:50:47.732504+05:30,134.4,,2434575
2025-09-04 13:50:48.203637+05:30,135.35,,2434575
2025-09-04 13:50:48.717602+05:30,135.25,,2434575
2025-09-04 13:50:49.421385+05:30,135.3,,2434575
2025-09-04 13:50:49.730844+05:30,135.8,,2434575
2025-09-04 13:50:50.185756+05:30,135.3,,2434575
2025-09-04 13:50:50.654868+05:30,135.0,,2434575
2025-09-04 13:50:51.418790+05:30,135.0,,2434575
2025-09-04 13:50:51.714769+05:30,134.95,,2434575
2025-09-04 13:50:51.924255+05:30,135.2,,2434575
2025-09-04 13:50:52.155966+05:30,135.1,,2434575
2025-09-04 13:50:52.405507+05:30,135.2,,2434575
2025-09-04 13:50:52.661030+05:30,134.95,,2434575
2025-09-04 13:50:53.504036+05:30,135.1,,2434575
2025-09-04 13:50:53.726555+05:30,135.4,,2434575
2025-09-04 13:50:54.467222+05:30,135.75,,2434575
2025-09-04 13:50:54.657642+05:30,135.6,,2434575
2025-09-04 13:50:55.466386+05:30,135.45,,2434575
2025-09-04 13:50:55.744373+05:30,135.25,,2434575
2025-09-04 13:50:56.482836+05:30,135.2,,2434575
2025-09-04 13:50:56.716468+05:30,135.55,,2434575
2025-09-04 13:50:56.925827+05:30,135.9,,2434575
2025-09-04 13:50:57.156687+05:30,135.95,,2434575
2025-09-04 13:50:57.405974+05:30,135.95,,2434575
2025-09-04 13:50:57.682014+05:30,136.15,,2434575
2025-09-04 13:50:58.154426+05:30,135.9,,2434575
2025-09-04 13:50:58.685225+05:30,135.55,,2434575
2025-09-04 13:50:59.539215+05:30,135.25,,2434575
2025-09-04 13:50:59.687234+05:30,135.65,,2434575
2025-09-04 13:51:00.512964+05:30,136.0,,2434575
2025-09-04 13:51:00.731163+05:30,135.95,,2434575
2025-09-04 13:51:01.169970+05:30,136.3,,2434575
2025-09-04 13:51:01.693257+05:30,136.3,,2434575
2025-09-04 13:51:01.928073+05:30,136.2,,2434575
2025-09-04 13:51:02.154726+05:30,136.0,,2434575
2025-09-04 13:51:02.742881+05:30,136.1,,2434575
2025-09-04 13:51:03.405174+05:30,136.35,,2434575
2025-09-04 13:51:03.682914+05:30,136.25,,2434575
2025-09-04 13:51:04.497755+05:30,136.6,,2434575
2025-09-04 13:51:04.665795+05:30,136.6,,2434575
2025-09-04 13:51:05.155758+05:30,136.75,,2434575
2025-09-04 13:51:05.669728+05:30,136.4,,2434575
2025-09-04 13:51:06.252333+05:30,136.5,,2434575
2025-09-04 13:51:06.668573+05:30,136.85,,2434575
2025-09-04 13:51:06.904394+05:30,137.35,,2434575
2025-09-04 13:51:07.205432+05:30,137.35,,2434575
2025-09-04 13:51:07.404782+05:30,137.3,,2434575
2025-09-04 13:51:07.712862+05:30,137.0,,2434575
2025-09-04 13:51:08.155604+05:30,137.6,,2434575
2025-09-04 13:51:08.514296+05:30,137.4,,2434575
2025-09-04 13:51:08.680818+05:30,137.8,,2434575
2025-09-04 13:51:09.198220+05:30,137.85,,2434575
2025-09-04 13:51:09.687972+05:30,137.65,,2434575
2025-09-04 13:51:10.454922+05:30,137.4,,2434575
2025-09-04 13:51:10.705376+05:30,137.5,,2434575
2025-09-04 13:51:11.514137+05:30,137.4,,2434575
2025-09-04 13:51:11.683396+05:30,137.5,,2434575
2025-09-04 13:51:11.904352+05:30,137.6,,2434575
2025-09-04 13:51:12.199710+05:30,137.9,,2434575
2025-09-04 13:51:12.405881+05:30,137.7,,2434575
2025-09-04 13:51:12.654338+05:30,137.75,,2434575
2025-09-04 13:51:13.508367+05:30,136.85,,2434575
2025-09-04 13:51:13.664301+05:30,136.75,,2434575
2025-09-04 13:51:14.420704+05:30,136.75,,2434575
2025-09-04 13:51:14.687815+05:30,136.5,,2434575
2025-09-04 13:51:15.496381+05:30,136.55,,2434575
2025-09-04 13:51:15.713080+05:30,136.5,,2434575
2025-09-04 13:51:16.154500+05:30,136.65,,2434575
2025-09-04 13:51:16.710022+05:30,136.8,,2434575
2025-09-04 13:51:16.953733+05:30,136.75,,2434575
2025-09-04 13:51:17.202636+05:30,136.9,,2434575
2025-09-04 13:51:17.750127+05:30,136.95,,2434575
2025-09-04 13:51:18.177685+05:30,136.95,,2434575
2025-09-04 13:51:18.427218+05:30,136.65,,2434575
2025-09-04 13:51:18.677011+05:30,136.75,,2434575
2025-09-04 13:51:19.461116+05:30,136.55,,2434575
2025-09-04 13:51:19.723216+05:30,136.8,,2434575
2025-09-04 13:51:20.184573+05:30,137.25,,2434575
2025-09-04 13:51:20.730342+05:30,137.8,,2434575
2025-09-04 13:51:21.476591+05:30,137.75,,2434575
2025-09-04 13:51:21.676049+05:30,137.55,,2434575
2025-09-04 13:51:21.899897+05:30,137.5,,2434575
2025-09-04 13:51:22.150488+05:30,137.85,,2434575
2025-09-04 13:51:22.729919+05:30,137.6,,2434575
2025-09-04 13:51:23.451644+05:30,137.3,,2434575
2025-09-04 13:51:23.709716+05:30,137.8,,2434575
2025-09-04 13:51:24.155056+05:30,138.65,,2434575
2025-09-04 13:51:24.657770+05:30,138.6,,2434575
2025-09-04 13:51:25.405419+05:30,138.95,,2434575
2025-09-04 13:51:25.719092+05:30,138.65,,2434575
2025-09-04 13:51:26.462368+05:30,138.75,,2434575
2025-09-04 13:51:26.725139+05:30,138.6,,2434575
2025-09-04 13:51:26.941408+05:30,138.65,,2434575
2025-09-04 13:51:27.155597+05:30,138.75,,2434575
2025-09-04 13:51:27.507744+05:30,138.45,,2434575
2025-09-04 13:51:27.726298+05:30,138.45,,2434575
2025-09-04 13:51:28.155714+05:30,138.75,,2434575
2025-09-04 13:51:28.420811+05:30,138.35,,2434575
2025-09-04 13:51:28.744810+05:30,138.75,,2434575
2025-09-04 13:51:29.415802+05:30,138.05,,2434575
2025-09-04 13:51:29.687159+05:30,138.2,,2434575
2025-09-04 13:51:30.178493+05:30,138.25,,2434575
2025-09-04 13:51:30.693028+05:30,138.15,,2434575
2025-09-04 13:51:31.213050+05:30,137.9,,2434575
2025-09-04 13:51:31.700006+05:30,138.1,,2434575
2025-09-04 13:51:32.242104+05:30,137.75,,2434575
2025-09-04 13:51:32.483413+05:30,137.55,,2434575
2025-09-04 13:51:32.681595+05:30,137.75,,2434575
2025-09-04 13:51:33.156255+05:30,138.2,,2434575
2025-09-04 13:51:33.707330+05:30,138.25,,2434575
2025-09-04 13:51:34.174542+05:30,137.9,,2434575
2025-09-04 13:51:34.720494+05:30,138.0,,2434575
2025-09-04 13:51:35.405229+05:30,137.9,,2434575
2025-09-04 13:51:35.717087+05:30,137.8,,2434575
2025-09-04 13:51:36.425751+05:30,138.3,,2434575
2025-09-04 13:51:36.725773+05:30,137.95,,2434575
2025-09-04 13:51:37.163607+05:30,137.9,,2434575
2025-09-04 13:51:37.649477+05:30,137.6,,2434575
2025-09-04 13:51:38.188487+05:30,137.3,,2434575
2025-09-04 13:51:38.745509+05:30,136.9,,2434575
2025-09-04 13:51:39.429159+05:30,137.5,,2434575
2025-09-04 13:51:39.648962+05:30,137.0,,2434575
2025-09-04 13:51:40.462767+05:30,137.25,,2434575
2025-09-04 13:51:40.728764+05:30,137.0,,2434575
2025-09-04 13:51:41.155317+05:30,137.2,,2434575
2025-09-04 13:51:41.745939+05:30,136.95,,2434575
2025-09-04 13:51:42.182871+05:30,137.45,,2434575
2025-09-04 13:51:42.405419+05:30,137.3,,2434575
2025-09-04 13:51:42.650923+05:30,137.4,,2434575
2025-09-04 13:51:43.491950+05:30,137.95,,2434575
2025-09-04 13:51:43.656389+05:30,137.95,,2434575
2025-09-04 13:51:44.184148+05:30,138.4,,2434575
2025-09-04 13:51:44.687180+05:30,137.95,,2434575
2025-09-04 13:51:45.448880+05:30,137.85,,2434575
2025-09-04 13:51:45.694050+05:30,137.85,,2434575
2025-09-04 13:51:46.521559+05:30,137.6,,2434575
2025-09-04 13:51:46.722843+05:30,137.45,,2434575
2025-09-04 13:51:47.177433+05:30,137.6,,2434575
2025-09-04 13:51:47.684503+05:30,137.65,,2434575
2025-09-04 13:51:48.155945+05:30,137.75,,2434575
2025-09-04 13:51:48.701923+05:30,137.8,,2434575
2025-09-04 13:51:49.196100+05:30,137.3,,2434575
2025-09-04 13:51:49.714875+05:30,137.0,,2434575
2025-09-04 13:51:50.177876+05:30,137.25,,2434575
2025-09-04 13:51:50.721466+05:30,137.0,,2434575
2025-09-04 13:51:51.515636+05:30,137.45,,2434575
2025-09-04 13:51:51.670282+05:30,137.45,,2434575
2025-09-04 13:51:52.155377+05:30,137.55,,2434575
2025-09-04 13:51:52.459332+05:30,137.95,,2434575
2025-09-04 13:51:52.686078+05:30,137.6,,2434575
2025-09-04 13:51:53.424683+05:30,137.9,,2434575
2025-09-04 13:51:53.698188+05:30,137.6,,2434575
2025-09-04 13:51:54.208826+05:30,138.5,,2434575
2025-09-04 13:51:54.690328+05:30,139.2,,2434575
2025-09-04 13:51:55.406580+05:30,138.95,,2434575
2025-09-04 13:51:55.671963+05:30,138.85,,2434575
2025-09-04 13:51:56.172059+05:30,138.45,,2434575
2025-09-04 13:51:56.654252+05:30,138.45,,2434575
2025-09-04 13:51:57.193135+05:30,138.75,,2434575
2025-09-04 13:51:57.480003+05:30,138.5,,2434575
2025-09-04 13:51:57.704064+05:30,138.75,,2434575
2025-09-04 13:51:58.480547+05:30,138.6,,2434575
2025-09-04 13:51:58.719824+05:30,139.05,,2434575
2025-09-04 13:51:59.425459+05:30,138.8,,2434575
2025-09-04 13:51:59.663784+05:30,139.0,,2434575
2025-09-04 13:52:00.177764+05:30,139.4,,2434575
2025-09-04 13:52:00.671751+05:30,139.2,,2434575
2025-09-04 13:52:01.160964+05:30,139.6,,2434575
2025-09-04 13:52:01.702678+05:30,139.95,,2434575
2025-09-04 13:52:02.154759+05:30,139.8,,2434575
2025-09-04 13:52:02.463687+05:30,139.95,,2434575
2025-09-04 13:52:02.676739+05:30,140.0,,2434575
2025-09-04 13:52:03.452561+05:30,140.5,,2434575
2025-09-04 13:52:03.688405+05:30,140.35,,2434575
2025-09-04 13:52:04.406413+05:30,140.45,,2434575
2025-09-04 13:52:04.732997+05:30,140.1,,2434575
2025-09-04 13:52:05.462527+05:30,141.0,,2434575
2025-09-04 13:52:05.654101+05:30,141.15,,2434575
2025-09-04 13:52:06.479582+05:30,141.5,,2434575
2025-09-04 13:52:06.656894+05:30,141.35,,2434575
2025-09-04 13:52:07.154778+05:30,141.6,,2434575
2025-09-04 13:52:07.687493+05:30,141.7,,2434575
2025-09-04 13:52:08.480977+05:30,142.0,,2434575
2025-09-04 13:52:08.683973+05:30,142.4,,2434575
2025-09-04 13:52:09.239814+05:30,142.85,,2434575
2025-09-04 13:52:09.722527+05:30,143.7,,2434575
2025-09-04 13:52:10.444067+05:30,143.15,,2434575
2025-09-04 13:52:10.693304+05:30,143.45,,2434575
2025-09-04 13:52:11.207091+05:30,142.9,,2434575
2025-09-04 13:52:11.731988+05:30,142.65,,2434575
2025-09-04 13:52:12.154836+05:30,142.9,,2434575
2025-09-04 13:52:12.405225+05:30,142.4,,2434575
2025-09-04 13:52:12.675696+05:30,142.3,,2434575
2025-09-04 13:52:13.403684+05:30,142.3,,2690625
2025-09-04 13:52:13.670859+05:30,142.2,,2690625
2025-09-04 13:52:14.485382+05:30,142.0,,2690625
2025-09-04 13:52:14.704832+05:30,141.75,,2690625
2025-09-04 13:52:15.404894+05:30,141.95,,2690625
2025-09-04 13:52:15.776596+05:30,142.2,,2690625
2025-09-04 13:52:16.187963+05:30,142.2,,2690625
2025-09-04 13:52:16.712546+05:30,142.2,,2690625
2025-09-04 13:52:17.155010+05:30,141.55,,2690625
2025-09-04 13:52:17.447498+05:30,141.8,,2690625
2025-09-04 13:52:17.713627+05:30,141.5,,2690625
2025-09-04 13:52:18.154010+05:30,142.7,,2690625
2025-09-04 13:52:18.701648+05:30,141.9,,2690625
2025-09-04 13:52:19.403644+05:30,141.75,,2690625
2025-09-04 13:52:19.704373+05:30,141.35,,2690625
2025-09-04 13:52:20.467224+05:30,141.55,,2690625
2025-09-04 13:52:20.718982+05:30,141.6,,2690625
2025-09-04 13:52:21.176423+05:30,142.3,,2690625
2025-09-04 13:52:21.713265+05:30,142.4,,2690625
2025-09-04 13:52:22.182121+05:30,143.0,,2690625
2025-09-04 13:52:22.403729+05:30,142.8,,2690625
2025-09-04 13:52:22.702756+05:30,143.7,,2690625
2025-09-04 13:52:23.423021+05:30,145.0,,2690625
2025-09-04 13:52:23.787336+05:30,145.0,,2690625
2025-09-04 13:52:23.916121+05:30,145.0,,2690625
2025-09-04 13:52:24.265510+05:30,144.2,,2690625
2025-09-04 13:52:24.725295+05:30,143.95,,2690625
2025-09-04 13:52:25.460007+05:30,144.0,,2690625
2025-09-04 13:52:25.649297+05:30,143.45,,2690625
2025-09-04 13:52:26.425059+05:30,143.55,,2690625
2025-09-04 13:52:26.710566+05:30,143.45,,2690625
2025-09-04 13:52:27.182591+05:30,143.15,,2690625
2025-09-04 13:52:27.678696+05:30,143.4,,2690625
2025-09-04 13:52:28.207576+05:30,143.8,,2690625
2025-09-04 13:52:28.716060+05:30,143.55,,2690625
2025-09-04 13:52:29.254885+05:30,144.0,,2690625
2025-09-04 13:52:29.653763+05:30,144.0,,2690625
2025-09-04 13:52:30.431543+05:30,142.9,,2690625
2025-09-04 13:52:30.700178+05:30,142.5,,2690625
2025-09-04 13:52:31.447741+05:30,142.3,,2690625
2025-09-04 13:52:31.755841+05:30,142.9,,2690625
2025-09-04 13:52:32.186719+05:30,143.7,,2690625
2025-09-04 13:52:32.468405+05:30,143.55,,2690625
2025-09-04 13:52:32.742704+05:30,143.45,,2690625
2025-09-04 13:52:33.437000+05:30,143.95,,2690625
2025-09-04 13:52:33.654928+05:30,144.35,,2690625
2025-09-04 13:52:33.936151+05:30,144.45,,2690625
2025-09-04 13:52:34.159001+05:30,144.0,,2690625
2025-09-04 13:52:34.739509+05:30,142.9,,2690625
2025-09-04 13:52:35.153533+05:30,143.35,,2690625
2025-09-04 13:52:35.456293+05:30,143.4,,2690625
2025-09-04 13:52:35.660346+05:30,143.2,,2690625
2025-09-04 13:52:36.405102+05:30,143.7,,2690625
2025-09-04 13:52:36.677240+05:30,143.5,,2690625
2025-09-04 13:52:37.236031+05:30,144.25,,2690625
2025-09-04 13:52:37.735259+05:30,143.9,,2690625
2025-09-04 13:52:38.445909+05:30,143.8,,2690625
2025-09-04 13:52:38.718566+05:30,144.0,,2690625
2025-09-04 13:52:38.903880+05:30,143.9,,2690625
2025-09-04 13:52:39.451156+05:30,143.4,,2690625
2025-09-04 13:52:39.713865+05:30,143.75,,2690625
2025-09-04 13:52:40.177684+05:30,143.15,,2690625
2025-09-04 13:52:40.481395+05:30,143.25,,2690625
2025-09-04 13:52:40.674134+05:30,143.0,,2690625
2025-09-04 13:52:41.509976+05:30,142.95,,2690625
2025-09-04 13:52:41.725418+05:30,142.7,,2690625
2025-09-04 13:52:42.154864+05:30,142.5,,2690625
2025-09-04 13:52:42.484695+05:30,142.8,,2690625
2025-09-04 13:52:42.715905+05:30,143.1,,2690625
2025-09-04 13:52:43.430946+05:30,142.75,,2690625
2025-09-04 13:52:43.654666+05:30,142.9,,2690625
2025-09-04 13:52:43.909191+05:30,143.25,,2690625
2025-09-04 13:52:44.154753+05:30,143.4,,2690625
2025-09-04 13:52:44.721781+05:30,142.8,,2690625
2025-09-04 13:52:45.472052+05:30,142.75,,2690625
2025-09-04 13:52:45.720376+05:30,142.85,,2690625
2025-09-04 13:52:46.473354+05:30,142.45,,2690625
2025-09-04 13:52:46.727768+05:30,141.95,,2690625
2025-09-04 13:52:47.202872+05:30,141.05,,2690625
2025-09-04 13:52:47.501557+05:30,141.45,,2690625
2025-09-04 13:52:47.748851+05:30,141.0,,2690625
2025-09-04 13:52:48.472664+05:30,141.1,,2690625
2025-09-04 13:52:48.653642+05:30,141.5,,2690625
2025-09-04 13:52:48.954198+05:30,141.35,,2690625
2025-09-04 13:52:49.404705+05:30,142.15,,2690625
2025-09-04 13:52:49.718893+05:30,141.85,,2690625
2025-09-04 13:52:50.429767+05:30,141.5,,2690625
2025-09-04 13:52:50.668656+05:30,141.3,,2690625
2025-09-04 13:52:51.404910+05:30,141.45,,2690625
2025-09-04 13:52:51.713562+05:30,141.35,,2690625
2025-09-04 13:52:51.932692+05:30,141.35,,2690625
2025-09-04 13:52:52.480194+05:30,140.8,,2690625
2025-09-04 13:52:52.726731+05:30,141.0,,2690625
2025-09-04 13:52:53.414826+05:30,140.05,,2690625
2025-09-04 13:52:53.725387+05:30,140.1,,2690625
2025-09-04 13:52:53.947308+05:30,140.1,,2690625
2025-09-04 13:52:54.488202+05:30,140.1,,2690625
2025-09-04 13:52:54.655075+05:30,140.05,,2690625
2025-09-04 13:52:55.447671+05:30,140.15,,2690625
2025-09-04 13:52:55.736371+05:30,140.0,,2690625
2025-09-04 13:52:56.503286+05:30,140.1,,2690625
2025-09-04 13:52:56.681117+05:30,139.85,,2690625
2025-09-04 13:52:56.941919+05:30,140.0,,2690625
2025-09-04 13:52:57.490730+05:30,138.7,,2690625
2025-09-04 13:52:57.755180+05:30,138.6,,2690625
2025-09-04 13:52:58.404378+05:30,139.3,,2690625
2025-09-04 13:52:58.724174+05:30,139.6,,2690625
2025-09-04 13:52:58.926725+05:30,139.45,,2690625
2025-09-04 13:52:59.487260+05:30,139.25,,2690625
2025-09-04 13:52:59.713776+05:30,139.2,,2690625
2025-09-04 13:53:00.463510+05:30,140.0,,2690625
2025-09-04 13:53:00.737625+05:30,139.75,,2690625
2025-09-04 13:53:01.653525+05:30,139.6,,2690625
2025-09-04 13:53:01.944717+05:30,139.65,,2690625
2025-09-04 13:53:02.171866+05:30,139.6,,2690625
2025-09-04 13:53:02.723909+05:30,140.0,,2690625
2025-09-04 13:53:03.696653+05:30,139.35,,2690625
2025-09-04 13:53:03.979489+05:30,138.95,,2690625
2025-09-04 13:53:04.434343+05:30,138.35,,2690625
2025-09-04 13:53:04.718873+05:30,138.85,,2690625
2025-09-04 13:53:05.404543+05:30,138.6,,2690625
2025-09-04 13:53:05.742588+05:30,138.65,,2690625
2025-09-04 13:53:06.400961+05:30,139.35,,2690625
2025-09-04 13:53:06.731638+05:30,139.35,,2690625
2025-09-04 13:53:06.928502+05:30,139.35,,2690625
2025-09-04 13:53:07.511085+05:30,139.5,,2690625
2025-09-04 13:53:07.653291+05:30,139.3,,2690625
2025-09-04 13:53:08.683704+05:30,139.6,,2690625
2025-09-04 13:53:08.990733+05:30,139.75,,2690625
2025-09-04 13:53:09.415147+05:30,139.55,,2690625
2025-09-04 13:53:09.738035+05:30,139.55,,2690625
2025-09-04 13:53:10.454741+05:30,138.95,,2690625
2025-09-04 13:53:10.669642+05:30,139.2,,2690625
2025-09-04 13:53:11.486798+05:30,138.85,,2690625
2025-09-04 13:53:11.771412+05:30,139.0,,2690625
2025-09-04 13:53:11.932511+05:30,138.9,,2690625
2025-09-04 13:53:12.232092+05:30,138.75,,2690625
2025-09-04 13:53:12.742064+05:30,138.55,,2690625
2025-09-04 13:53:13.444067+05:30,139.0,,2690625
2025-09-04 13:53:13.736130+05:30,139.2,,2690625
2025-09-04 13:53:13.981603+05:30,139.65,,2690625
2025-09-04 13:53:14.483109+05:30,140.0,,2690625
2025-09-04 13:53:14.738623+05:30,140.55,,2690625
2025-09-04 13:53:15.154464+05:30,140.75,,2690625
2025-09-04 13:53:15.414518+05:30,140.8,,2690625
2025-09-04 13:53:15.774023+05:30,140.6,,2690625
2025-09-04 13:53:16.404514+05:30,141.55,,2690625
2025-09-04 13:53:16.732270+05:30,141.4,,2690625
2025-09-04 13:53:16.935603+05:30,141.25,,2690625
2025-09-04 13:53:17.432883+05:30,141.2,,2690625
2025-09-04 13:53:17.719645+05:30,141.05,,2690625
2025-09-04 13:53:18.690855+05:30,141.0,,2690625
2025-09-04 13:53:18.982270+05:30,141.2,,2690625
2025-09-04 13:53:19.449678+05:30,141.1,,2690625
2025-09-04 13:53:19.810232+05:30,141.2,,2690625
2025-09-04 13:53:20.170534+05:30,141.35,,2690625
2025-09-04 13:53:20.404588+05:30,141.55,,2690625
2025-09-04 13:53:20.749556+05:30,141.25,,2690625
2025-09-04 13:53:21.464573+05:30,141.8,,2690625
2025-09-04 13:53:21.703142+05:30,141.7,,2690625
2025-09-04 13:53:21.931096+05:30,142.0,,2690625
2025-09-04 13:53:22.187536+05:30,142.05,,2690625
2025-09-04 13:53:22.763594+05:30,142.1,,2690625
2025-09-04 13:53:23.398782+05:30,142.65,,2690625
2025-09-04 13:53:23.702687+05:30,142.4,,2690625
2025-09-04 13:53:23.926705+05:30,142.5,,2690625
2025-09-04 13:53:24.448102+05:30,142.6,,2690625
2025-09-04 13:53:24.759560+05:30,142.6,,2690625
2025-09-04 13:53:25.467110+05:30,143.1,,2690625
2025-09-04 13:53:25.672721+05:30,143.35,,2690625
2025-09-04 13:53:26.403802+05:30,143.55,,2690625
2025-09-04 13:53:26.714702+05:30,143.45,,2690625
2025-09-04 13:53:26.916046+05:30,143.35,,2690625
2025-09-04 13:53:27.198108+05:30,143.15,,2690625
2025-09-04 13:53:27.722803+05:30,143.4,,2690625
2025-09-04 13:53:28.418249+05:30,143.8,,2690625
2025-09-04 13:53:28.654316+05:30,143.65,,2690625
2025-09-04 13:53:28.914882+05:30,143.6,,2690625
2025-09-04 13:53:29.399016+05:30,143.0,,2690625
2025-09-04 13:53:29.707382+05:30,143.3,,2690625
2025-09-04 13:53:30.470913+05:30,143.6,,2690625
2025-09-04 13:53:30.728335+05:30,143.4,,2690625
2025-09-04 13:53:31.461487+05:30,143.0,,2690625
2025-09-04 13:53:31.741091+05:30,142.65,,2690625
2025-09-04 13:53:31.924189+05:30,142.7,,2690625
2025-09-04 13:53:32.403239+05:30,143.1,,2690625
2025-09-04 13:53:32.763593+05:30,142.9,,2690625
2025-09-04 13:53:33.403891+05:30,142.5,,2690625
2025-09-04 13:53:33.740758+05:30,141.95,,2690625
2025-09-04 13:53:33.969721+05:30,141.75,,2690625
2025-09-04 13:53:34.467069+05:30,142.0,,2690625
2025-09-04 13:53:34.940961+05:30,141.25,,2690625
2025-09-04 13:53:35.461214+05:30,141.6,,2690625
2025-09-04 13:53:35.986412+05:30,141.35,,2690625
2025-09-04 13:53:36.426463+05:30,141.45,,2690625
2025-09-04 13:53:36.921304+05:30,141.1,,2690625
2025-09-04 13:53:37.451975+05:30,141.3,,2690625
2025-09-04 13:53:37.935332+05:30,141.45,,2690625
2025-09-04 13:53:38.425997+05:30,142.0,,2690625
2025-09-04 13:53:38.959256+05:30,141.6,,2690625
2025-09-04 13:53:39.542199+05:30,141.25,,2690625
2025-09-04 13:53:39.936961+05:30,141.55,,2690625
2025-09-04 13:53:40.450595+05:30,141.1,,2690625
2025-09-04 13:53:40.962767+05:30,140.8,,2690625
2025-09-04 13:53:41.781473+05:30,141.0,,2690625
2025-09-04 13:53:41.909003+05:30,141.4,,2690625
2025-09-04 13:53:42.399983+05:30,141.4,,2690625
2025-09-04 13:53:42.946269+05:30,140.5,,2690625
2025-09-04 13:53:43.463264+05:30,141.35,,2690625
2025-09-04 13:53:43.964646+05:30,141.25,,2690625
2025-09-04 13:53:44.463512+05:30,141.0,,2690625
2025-09-04 13:53:44.902812+05:30,140.75,,2690625
2025-09-04 13:53:45.163565+05:30,140.2,,2690625
2025-09-04 13:53:45.438515+05:30,140.5,,2690625
2025-09-04 13:53:45.983917+05:30,140.95,,2690625
2025-09-04 13:53:46.434218+05:30,141.15,,2690625
2025-09-04 13:53:46.911074+05:30,141.0,,2690625
2025-09-04 13:53:47.154241+05:30,140.9,,2690625
2025-09-04 13:53:47.935792+05:30,140.7,,2690625
2025-09-04 13:53:48.458191+05:30,140.1,,2690625
2025-09-04 13:53:48.650039+05:30,140.4,,2690625
2025-09-04 13:53:48.973778+05:30,140.55,,2690625
2025-09-04 13:53:49.460563+05:30,140.55,,2690625
2025-09-04 13:53:49.935758+05:30,140.45,,2690625
2025-09-04 13:53:50.733192+05:30,140.3,,2690625
2025-09-04 13:53:50.980932+05:30,140.2,,2690625
2025-09-04 13:53:51.444047+05:30,140.5,,2690625
2025-09-04 13:53:51.940403+05:30,140.1,,2690625
2025-09-04 13:53:52.466625+05:30,140.25,,2690625
2025-09-04 13:53:52.903196+05:30,140.3,,2690625
2025-09-04 13:53:53.420588+05:30,140.8,,2690625
2025-09-04 13:53:53.652939+05:30,140.95,,2690625
2025-09-04 13:53:53.951980+05:30,140.95,,2690625
2025-09-04 13:53:54.481012+05:30,140.95,,2690625
2025-09-04 13:53:54.945918+05:30,141.65,,2690625
2025-09-04 13:53:55.154212+05:30,141.65,,2690625
2025-09-04 13:53:55.449847+05:30,141.2,,2690625
2025-09-04 13:53:55.756102+05:30,141.4,,2690625
2025-09-04 13:53:56.474568+05:30,141.65,,2690625
2025-09-04 13:53:56.931714+05:30,141.65,,2690625
2025-09-04 13:53:57.247969+05:30,141.7,,2690625
2025-09-04 13:53:57.438985+05:30,141.35,,2690625
2025-09-04 13:53:57.931604+05:30,142.0,,2690625
2025-09-04 13:53:58.449909+05:30,142.0,,2690625
2025-09-04 13:53:58.747273+05:30,142.0,,2690625
2025-09-04 13:53:58.902904+05:30,142.0,,2690625
2025-09-04 13:53:59.440340+05:30,141.85,,2690625
2025-09-04 13:53:59.899818+05:30,141.9,,2690625
2025-09-04 13:54:00.403775+05:30,142.0,,2690625
2025-09-04 13:54:00.674869+05:30,141.9,,2690625
2025-09-04 13:54:01.488643+05:30,141.85,,2690625
2025-09-04 13:54:01.927033+05:30,142.05,,2690625
2025-09-04 13:54:02.419938+05:30,141.95,,2690625
2025-09-04 13:54:02.936842+05:30,141.45,,2690625
2025-09-04 13:54:03.433136+05:30,141.65,,2690625
2025-09-04 13:54:03.718276+05:30,141.95,,2690625
2025-09-04 13:54:03.957138+05:30,142.0,,2690625
2025-09-04 13:54:04.467742+05:30,142.25,,2690625
2025-09-04 13:54:04.932531+05:30,142.8,,2690625
2025-09-04 13:54:05.402676+05:30,142.15,,2690625
2025-09-04 13:54:05.752802+05:30,142.25,,2690625
2025-09-04 13:54:06.458462+05:30,142.15,,2690625
2025-09-04 13:54:06.937421+05:30,142.3,,2690625
2025-09-04 13:54:07.154575+05:30,142.2,,2690625
2025-09-04 13:54:07.460158+05:30,142.2,,2690625
2025-09-04 13:54:07.924132+05:30,142.2,,2690625
2025-09-04 13:54:08.424175+05:30,142.25,,2690625
2025-09-04 13:54:08.781203+05:30,141.85,,2690625
2025-09-04 13:54:08.907785+05:30,142.3,,2690625
2025-09-04 13:54:09.397514+05:30,142.25,,2690625
2025-09-04 13:54:09.918893+05:30,142.5,,2690625
2025-09-04 13:54:10.154475+05:30,141.95,,2690625
2025-09-04 13:54:10.449439+05:30,142.55,,2690625
2025-09-04 13:54:10.930888+05:30,142.55,,2690625
2025-09-04 13:54:11.403903+05:30,142.25,,2690625
2025-09-04 13:54:11.935084+05:30,142.25,,2690625
2025-09-04 13:54:12.418901+05:30,142.3,,2690625
2025-09-04 13:54:12.914718+05:30,142.45,,2690625
2025-09-04 13:54:13.410955+05:30,142.5,,2690625
2025-09-04 13:54:13.728350+05:30,142.15,,2690625
2025-09-04 13:54:13.935184+05:30,142.1,,2690625
2025-09-04 13:54:14.447917+05:30,142.4,,2690625
2025-09-04 13:54:14.926726+05:30,142.2,,2690625
2025-09-04 13:54:15.458564+05:30,142.4,,2690625
2025-09-04 13:54:15.736605+05:30,142.1,,2690625
2025-09-04 13:54:15.925463+05:30,142.05,,2690625
2025-09-04 13:54:16.505693+05:30,142.5,,2690625
2025-09-04 13:54:16.907548+05:30,143.0,,2690625
2025-09-04 13:54:17.153848+05:30,143.25,,2690625
2025-09-04 13:54:17.412269+05:30,143.0,,2690625
2025-09-04 13:54:17.949404+05:30,142.7,,2690625
2025-09-04 13:54:18.729626+05:30,143.0,,2690625
2025-09-04 13:54:18.923927+05:30,142.75,,2690625
2025-09-04 13:54:19.427184+05:30,143.1,,2690625
2025-09-04 13:54:19.902521+05:30,143.0,,2690625
2025-09-04 13:54:20.447908+05:30,142.75,,2690625
2025-09-04 13:54:20.756475+05:30,143.0,,2690625
2025-09-04 13:54:20.936494+05:30,143.0,,2690625
2025-09-04 13:54:21.761921+05:30,142.4,,2690625
2025-09-04 13:54:21.936422+05:30,142.25,,2690625
2025-09-04 13:54:22.468807+05:30,142.5,,2690625
2025-09-04 13:54:22.900298+05:30,143.0,,2690625
2025-09-04 13:54:23.449126+05:30,142.75,,2690625
2025-09-04 13:54:23.737506+05:30,143.1,,2690625
2025-09-04 13:54:23.934059+05:30,142.8,,2690625
2025-09-04 13:54:24.402401+05:30,142.7,,2690625
2025-09-04 13:54:24.913273+05:30,142.5,,2690625
2025-09-04 13:54:25.472277+05:30,142.95,,2690625
2025-09-04 13:54:25.741573+05:30,143.0,,2690625
2025-09-04 13:54:26.515387+05:30,143.0,,2690625
2025-09-04 13:54:26.916274+05:30,143.05,,2690625
2025-09-04 13:54:27.481160+05:30,143.0,,2690625
2025-09-04 13:54:27.945230+05:30,143.0,,2690625
2025-09-04 13:54:28.445002+05:30,143.1,,2690625
2025-09-04 13:54:28.729616+05:30,143.15,,2690625
2025-09-04 13:54:28.951081+05:30,142.7,,2690625
2025-09-04 13:54:29.428356+05:30,142.95,,2690625
2025-09-04 13:54:29.912311+05:30,143.3,,2690625
2025-09-04 13:54:30.402422+05:30,143.0,,2690625
2025-09-04 13:54:30.670390+05:30,143.0,,2690625
2025-09-04 13:54:31.459669+05:30,142.5,,2690625
2025-09-04 13:54:31.947541+05:30,142.8,,2690625
2025-09-04 13:54:32.175216+05:30,142.75,,2690625
2025-09-04 13:54:32.487981+05:30,142.9,,2690625
2025-09-04 13:54:32.929946+05:30,143.05,,2690625
2025-09-04 13:54:33.459112+05:30,143.7,,2690625
2025-09-04 13:54:33.652624+05:30,142.55,,2690625
2025-09-04 13:54:34.208904+05:30,143.0,,2690625
2025-09-04 13:54:34.420919+05:30,143.3,,2690625
2025-09-04 13:54:34.906699+05:30,142.95,,2690625
2025-09-04 13:54:35.475759+05:30,143.15,,2690625
2025-09-04 13:54:35.738345+05:30,142.9,,2690625
2025-09-04 13:54:36.784617+05:30,140.85,,2690625
2025-09-04 13:54:36.902663+05:30,141.4,,2690625
2025-09-04 13:54:37.509611+05:30,141.1,,2690625
2025-09-04 13:54:37.940073+05:30,141.55,,2690625
2025-09-04 13:54:38.481889+05:30,141.55,,2690625
2025-09-04 13:54:38.677512+05:30,141.55,,2690625
2025-09-04 13:54:39.191995+05:30,141.55,,2690625
2025-09-04 13:54:39.746601+05:30,141.4,,2690625
2025-09-04 13:54:39.935477+05:30,141.55,,2690625
2025-09-04 13:54:40.439344+05:30,140.95,,2690625
2025-09-04 13:54:40.733829+05:30,141.2,,2690625
2025-09-04 13:54:40.897411+05:30,140.7,,2690625
2025-09-04 13:54:41.481247+05:30,140.4,,2690625
2025-09-04 13:54:41.951666+05:30,140.4,,2690625
2025-09-04 13:54:42.153125+05:30,139.9,,2690625
2025-09-04 13:54:42.503461+05:30,139.8,,2690625
2025-09-04 13:54:42.924045+05:30,140.1,,2690625
2025-09-04 13:54:43.468197+05:30,139.7,,2690625
2025-09-04 13:54:43.780621+05:30,140.0,,2690625
2025-09-04 13:54:43.969520+05:30,139.65,,2690625
2025-09-04 13:54:44.205562+05:30,139.85,,2690625
2025-09-04 13:54:44.417115+05:30,139.2,,2690625
2025-09-04 13:54:44.925433+05:30,139.2,,2690625
2025-09-04 13:54:45.470891+05:30,138.4,,2690625
2025-09-04 13:54:45.736498+05:30,138.0,,2690625
2025-09-04 13:54:46.748528+05:30,137.8,,2690625
2025-09-04 13:54:46.935536+05:30,138.2,,2690625
2025-09-04 13:54:47.204013+05:30,138.3,,2690625
2025-09-04 13:54:47.449757+05:30,138.0,,2690625
2025-09-04 13:54:47.897276+05:30,137.9,,2690625
2025-09-04 13:54:48.403781+05:30,137.7,,2690625
2025-09-04 13:54:48.716643+05:30,137.4,,2690625
2025-09-04 13:54:48.900035+05:30,137.55,,2690625
2025-09-04 13:54:49.181203+05:30,137.7,,2690625
2025-09-04 13:54:49.700716+05:30,137.4,,2690625
2025-09-04 13:54:49.935248+05:30,137.35,,2690625
2025-09-04 13:54:50.528575+05:30,136.7,,2690625
2025-09-04 13:54:50.772007+05:30,136.65,,2690625
2025-09-04 13:54:50.960326+05:30,137.0,,2690625
2025-09-04 13:54:51.652308+05:30,136.85,,2690625
2025-09-04 13:54:51.949090+05:30,137.0,,2690625
2025-09-04 13:54:52.419807+05:30,137.2,,2690625
2025-09-04 13:54:52.904880+05:30,137.45,,2690625
2025-09-04 13:54:53.741277+05:30,137.5,,2690625
2025-09-04 13:54:53.902298+05:30,138.0,,2690625
2025-09-04 13:54:54.207474+05:30,138.1,,2690625
2025-09-04 13:54:54.465125+05:30,137.95,,2690625
2025-09-04 13:54:54.936470+05:30,137.75,,2690625
2025-09-04 13:54:55.175029+05:30,138.2,,2690625
2025-09-04 13:54:55.647414+05:30,138.25,,2690625
2025-09-04 13:54:56.446815+05:30,138.4,,2690625
2025-09-04 13:54:56.967358+05:30,138.7,,2690625
2025-09-04 13:54:57.441172+05:30,138.65,,2690625
2025-09-04 13:54:57.919857+05:30,138.4,,2690625
2025-09-04 13:54:58.685625+05:30,138.65,,2690625
2025-09-04 13:54:58.956072+05:30,138.7,,2690625
2025-09-04 13:54:59.199106+05:30,138.9,,2690625
2025-09-04 13:54:59.470402+05:30,138.5,,2690625
2025-09-04 13:54:59.923429+05:30,138.45,,2690625
2025-09-04 13:55:00.146949+05:30,138.0,,2690625
2025-09-04 13:55:00.430302+05:30,138.3,,2690625
2025-09-04 13:55:00.665938+05:30,138.3,,2690625
2025-09-04 13:55:01.402182+05:30,138.3,,2690625
2025-09-04 13:55:01.978645+05:30,138.5,,2690625
2025-09-04 13:55:02.403628+05:30,138.6,,2690625
2025-09-04 13:55:02.946586+05:30,138.45,,2690625
2025-09-04 13:55:03.438247+05:30,138.1,,2690625
2025-09-04 13:55:03.979704+05:30,137.75,,2690625
2025-09-04 13:55:04.215326+05:30,137.55,,2690625
2025-09-04 13:55:04.411776+05:30,137.25,,2690625
2025-09-04 13:55:04.920617+05:30,136.5,,2690625
2025-09-04 13:55:05.175011+05:30,136.8,,2690625
2025-09-04 13:55:05.469552+05:30,136.65,,2690625
2025-09-04 13:55:05.721494+05:30,136.8,,2690625
2025-09-04 13:55:06.402774+05:30,136.8,,2690625
2025-09-04 13:55:06.962575+05:30,137.1,,2690625
2025-09-04 13:55:07.519829+05:30,137.25,,2690625
2025-09-04 13:55:07.923832+05:30,137.1,,2690625
2025-09-04 13:55:08.704042+05:30,137.3,,2690625
2025-09-04 13:55:08.924186+05:30,137.15,,2690625
2025-09-04 13:55:09.160569+05:30,137.4,,2690625
2025-09-04 13:55:09.478377+05:30,137.65,,2690625
2025-09-04 13:55:09.941576+05:30,137.4,,2690625
2025-09-04 13:55:10.196716+05:30,137.95,,2690625
2025-09-04 13:55:10.486187+05:30,137.8,,2690625
2025-09-04 13:55:10.740686+05:30,137.6,,2690625
2025-09-04 13:55:10.942167+05:30,137.7,,2690625
2025-09-04 13:55:11.486239+05:30,137.85,,2690625
2025-09-04 13:55:11.966463+05:30,137.85,,2690625
2025-09-04 13:55:12.513909+05:30,137.95,,2690625
2025-09-04 13:55:12.902011+05:30,138.4,,2690625
2025-09-04 13:55:13.507517+05:30,138.25,,2690625
2025-09-04 13:55:13.923929+05:30,138.45,,2770500
2025-09-04 13:55:14.181156+05:30,138.4,,2770500
2025-09-04 13:55:14.702788+05:30,138.55,,2770500
2025-09-04 13:55:14.951148+05:30,138.4,,2770500
2025-09-04 13:55:15.206161+05:30,138.55,,2770500
2025-09-04 13:55:15.466897+05:30,138.55,,2770500
2025-09-04 13:55:15.685101+05:30,138.35,,2770500
2025-09-04 13:55:15.935777+05:30,138.35,,2770500
2025-09-04 13:55:16.441176+05:30,138.45,,2770500
2025-09-04 13:55:16.963480+05:30,138.0,,2770500
2025-09-04 13:55:17.490030+05:30,138.3,,2770500
2025-09-04 13:55:17.967613+05:30,138.4,,2770500
2025-09-04 13:55:18.452517+05:30,138.3,,2770500
2025-09-04 13:55:18.943661+05:30,137.3,,2770500
2025-09-04 13:55:19.182610+05:30,137.95,,2770500
2025-09-04 13:55:19.412659+05:30,137.85,,2770500
2025-09-04 13:55:19.940020+05:30,138.0,,2770500
2025-09-04 13:55:20.224248+05:30,137.45,,2770500
2025-09-04 13:55:20.433676+05:30,137.55,,2770500
2025-09-04 13:55:20.739434+05:30,137.6,,2770500
2025-09-04 13:55:20.901966+05:30,137.8,,2770500
