time,last_price,volume,oi
2025-09-05 10:55:52.824274+05:30,49.6,,22980225
2025-09-05 10:55:53.015185+05:30,49.5,,22980225
2025-09-05 10:55:53.656313+05:30,49.9,,22980225
2025-09-05 10:55:54.409466+05:30,49.85,,22980225
2025-09-05 10:55:54.642659+05:30,49.85,,22980225
2025-09-05 10:55:55.441208+05:30,49.65,,22980225
2025-09-05 10:55:56.185721+05:30,49.75,,22980225
2025-09-05 10:55:56.683121+05:30,49.95,,22980225
2025-09-05 10:55:57.472584+05:30,49.85,,22980225
2025-09-05 10:55:57.683509+05:30,49.9,,22980225
2025-09-05 10:55:57.922430+05:30,49.9,,22980225
2025-09-05 10:55:58.640641+05:30,49.9,,22980225
2025-09-05 10:55:59.441528+05:30,50.15,,22980225
2025-09-05 10:55:59.646607+05:30,50.15,,22980225
2025-09-05 10:56:00.448024+05:30,50.1,,22980225
2025-09-05 10:56:01.226162+05:30,50.1,,22980225
2025-09-05 10:56:01.489824+05:30,50.15,,22980225
2025-09-05 10:56:02.392791+05:30,49.95,,22980225
2025-09-05 10:56:02.943210+05:30,49.65,,22980225
2025-09-05 10:56:03.392544+05:30,49.75,,22980225
2025-09-05 10:56:04.649577+05:30,49.85,,22980225
2025-09-05 10:56:05.637615+05:30,49.9,,22980225
2025-09-05 10:56:06.190905+05:30,50.05,,22980225
2025-09-05 10:56:06.427469+05:30,50.25,,22980225
2025-09-05 10:56:07.662331+05:30,49.25,,22980225
2025-09-05 10:56:08.389840+05:30,49.4,,22980225
2025-09-05 10:56:09.445963+05:30,49.3,,22980225
2025-09-05 10:56:09.706900+05:30,49.5,,22980225
2025-09-05 10:56:10.392989+05:30,49.35,,22980225
2025-09-05 10:56:11.204601+05:30,49.45,,22980225
2025-09-05 10:56:11.428626+05:30,49.55,,22980225
2025-09-05 10:56:11.643133+05:30,49.5,,22980225
2025-09-05 10:56:12.642619+05:30,49.55,,22980225
2025-09-05 10:56:12.888578+05:30,49.5,,22980225
2025-09-05 10:56:13.430110+05:30,49.8,,22980225
2025-09-05 10:56:14.642613+05:30,49.7,,22980225
2025-09-05 10:56:15.786793+05:30,49.9,,22980225
2025-09-05 10:56:15.949712+05:30,49.9,,22980225
2025-09-05 10:56:16.414784+05:30,49.9,,22980225
2025-09-05 10:56:17.392988+05:30,49.85,,22980225
2025-09-05 10:56:17.784112+05:30,49.85,,22980225
2025-09-05 10:56:17.892545+05:30,49.8,,22980225
2025-09-05 10:56:18.468175+05:30,49.85,,22980225
2025-09-05 10:56:19.427860+05:30,49.75,,22980225
2025-09-05 10:56:20.424655+05:30,49.9,,22980225
2025-09-05 10:56:21.046089+05:30,50.2,,22980225
2025-09-05 10:56:21.179759+05:30,50.15,,22980225
2025-09-05 10:56:21.442160+05:30,50.3,,22980225
2025-09-05 10:56:21.648569+05:30,50.3,,22980225
2025-09-05 10:56:22.392593+05:30,50.0,,22980225
2025-09-05 10:56:22.733091+05:30,50.0,,22980225
2025-09-05 10:56:22.962725+05:30,49.55,,22980225
2025-09-05 10:56:23.696262+05:30,49.4,,22980225
2025-09-05 10:56:24.423360+05:30,49.35,,22980225
2025-09-05 10:56:24.642941+05:30,49.25,,22980225
2025-09-05 10:56:25.444687+05:30,49.1,,22980225
2025-09-05 10:56:25.897731+05:30,49.15,,22980225
2025-09-05 10:56:26.207893+05:30,49.0,,22980225
2025-09-05 10:56:26.428354+05:30,49.0,,22980225
2025-09-05 10:56:26.670363+05:30,49.15,,22980225
2025-09-05 10:56:27.688837+05:30,48.95,,22980225
2025-09-05 10:56:27.964150+05:30,49.15,,22980225
2025-09-05 10:56:28.703280+05:30,49.05,,22980225
2025-09-05 10:56:29.392487+05:30,48.95,,22980225
2025-09-05 10:56:30.436543+05:30,49.05,,22980225
2025-09-05 10:56:30.926442+05:30,49.0,,22980225
2025-09-05 10:56:31.387985+05:30,49.3,,22980225
2025-09-05 10:56:31.817849+05:30,49.1,,22980225
2025-09-05 10:56:32.642539+05:30,49.25,,22980225
2025-09-05 10:56:32.899591+05:30,49.1,,22980225
2025-09-05 10:56:33.414758+05:30,49.05,,22980225
2025-09-05 10:56:33.679526+05:30,48.9,,22980225
2025-09-05 10:56:34.433625+05:30,49.2,,22980225
2025-09-05 10:56:35.392368+05:30,49.55,,22980225
2025-09-05 10:56:36.035893+05:30,49.6,,22980225
2025-09-05 10:56:36.142639+05:30,49.5,,22980225
2025-09-05 10:56:36.734763+05:30,49.65,,22980225
2025-09-05 10:56:37.474472+05:30,49.65,,22980225
2025-09-05 10:56:37.642601+05:30,49.65,,22980225
2025-09-05 10:56:37.892714+05:30,49.75,,22980225
2025-09-05 10:56:38.642570+05:30,49.8,,22980225
2025-09-05 10:56:39.169818+05:30,49.8,,22980225
2025-09-05 10:56:39.505638+05:30,49.6,,22980225
2025-09-05 10:56:39.700941+05:30,49.6,,22980225
2025-09-05 10:56:40.768930+05:30,49.6,,22980225
2025-09-05 10:56:41.029784+05:30,49.75,,22980225
2025-09-05 10:56:41.181398+05:30,49.3,,22980225
2025-09-05 10:56:41.718843+05:30,49.45,,22980225
2025-09-05 10:56:42.413020+05:30,49.15,,22980225
2025-09-05 10:56:42.724344+05:30,49.15,,22980225
2025-09-05 10:56:42.931635+05:30,49.4,,22980225
2025-09-05 10:56:43.642472+05:30,49.4,,22980225
2025-09-05 10:56:44.142406+05:30,49.4,,22980225
2025-09-05 10:56:44.392423+05:30,49.25,,22980225
2025-09-05 10:56:45.988280+05:30,49.25,,22980225
2025-09-05 10:56:46.212269+05:30,49.4,,22980225
2025-09-05 10:56:46.697756+05:30,49.3,,22980225
2025-09-05 10:56:47.397619+05:30,49.5,,22980225
2025-09-05 10:56:48.056630+05:30,49.3,,22980225
2025-09-05 10:56:48.959340+05:30,49.5,,22980225
2025-09-05 10:56:49.466086+05:30,50.05,,22980225
2025-09-05 10:56:50.728661+05:30,50.05,,22980225
2025-09-05 10:56:50.992498+05:30,50.0,,22980225
2025-09-05 10:56:51.469983+05:30,50.25,,22980225
2025-09-05 10:56:51.917168+05:30,50.2,,22980225
2025-09-05 10:56:52.447096+05:30,50.1,,22980225
2025-09-05 10:56:53.028817+05:30,50.0,,22980225
2025-09-05 10:56:53.637537+05:30,50.15,,22980225
2025-09-05 10:56:54.426357+05:30,49.95,,22980225
2025-09-05 10:56:54.637558+05:30,50.0,,22980225
2025-09-05 10:56:55.698442+05:30,50.2,,22980225
2025-09-05 10:56:56.020220+05:30,50.3,,22980225
2025-09-05 10:56:56.458703+05:30,50.35,,22980225
2025-09-05 10:56:56.642462+05:30,50.45,,22980225
2025-09-05 10:56:57.448869+05:30,50.3,,22980225
2025-09-05 10:56:57.759369+05:30,50.3,,22980225
2025-09-05 10:56:57.897897+05:30,50.45,,22980225
2025-09-05 10:56:58.740818+05:30,50.6,,22980225
2025-09-05 10:56:59.468589+05:30,50.55,,22980225
2025-09-05 10:57:00.392465+05:30,50.85,,22980225
2025-09-05 10:57:00.664725+05:30,50.85,,22980225
2025-09-05 10:57:00.937924+05:30,51.3,,22980225
2025-09-05 10:57:01.528245+05:30,51.35,,22980225
2025-09-05 10:57:01.813502+05:30,51.35,,22980225
2025-09-05 10:57:02.664105+05:30,51.1,,22980225
2025-09-05 10:57:02.893565+05:30,51.15,,22980225
2025-09-05 10:57:03.689103+05:30,51.4,,22980225
2025-09-05 10:57:04.464414+05:30,51.45,,22980225
2025-09-05 10:57:04.775408+05:30,51.6,,22980225
2025-09-05 10:57:05.682944+05:30,51.7,,22980225
2025-09-05 10:57:05.940148+05:30,51.6,,22980225
2025-09-05 10:57:06.392335+05:30,51.75,,22980225
2025-09-05 10:57:06.685626+05:30,51.7,,22980225
2025-09-05 10:57:07.393586+05:30,51.8,,22980225
2025-09-05 10:57:07.679049+05:30,51.65,,22980225
2025-09-05 10:57:07.969031+05:30,51.55,,22980225
2025-09-05 10:57:08.638596+05:30,51.35,,22980225
2025-09-05 10:57:09.168701+05:30,51.5,,22980225
2025-09-05 10:57:09.432214+05:30,51.45,,22980225
2025-09-05 10:57:09.752294+05:30,51.45,,22980225
2025-09-05 10:57:10.730432+05:30,51.5,,22980225
2025-09-05 10:57:10.974636+05:30,51.6,,22980225
2025-09-05 10:57:11.436782+05:30,51.6,,22980225
2025-09-05 10:57:11.642402+05:30,51.75,,22980225
2025-09-05 10:57:12.445346+05:30,51.5,,22980225
2025-09-05 10:57:12.686759+05:30,51.65,,22980225
2025-09-05 10:57:13.178808+05:30,51.75,,22980225
2025-09-05 10:57:13.741433+05:30,51.45,,22980225
2025-09-05 10:57:14.272759+05:30,51.5,,22980225
2025-09-05 10:57:14.797456+05:30,51.65,,22980225
2025-09-05 10:57:15.696751+05:30,51.55,,22980225
2025-09-05 10:57:15.946776+05:30,50.85,,22980225
2025-09-05 10:57:16.490584+05:30,50.9,,22980225
2025-09-05 10:57:16.724542+05:30,50.85,,22980225
2025-09-05 10:57:17.467395+05:30,50.55,,22980225
2025-09-05 10:57:17.710144+05:30,50.45,,22980225
2025-09-05 10:57:18.185688+05:30,50.55,,22980225
2025-09-05 10:57:18.726452+05:30,50.45,,22980225
2025-09-05 10:57:19.142828+05:30,50.4,,22980225
2025-09-05 10:57:19.803575+05:30,50.65,,22980225
2025-09-05 10:57:20.642448+05:30,50.6,,22980225
2025-09-05 10:57:20.991166+05:30,50.6,,22980225
2025-09-05 10:57:21.195747+05:30,50.75,,22980225
2025-09-05 10:57:21.697452+05:30,50.6,,22980225
2025-09-05 10:57:22.640171+05:30,50.5,,22980225
2025-09-05 10:57:23.142241+05:30,50.55,,22980225
2025-09-05 10:57:23.687224+05:30,50.75,,22980225
2025-09-05 10:57:24.262213+05:30,50.5,,22980225
2025-09-05 10:57:24.642281+05:30,50.65,,22980225
2025-09-05 10:57:25.711870+05:30,50.6,,22980225
2025-09-05 10:57:25.938973+05:30,50.5,,22980225
2025-09-05 10:57:26.452307+05:30,50.5,,22980225
2025-09-05 10:57:26.642323+05:30,50.1,,22980225
2025-09-05 10:57:27.664401+05:30,50.05,,22980225
2025-09-05 10:57:28.202583+05:30,50.1,,22980225
2025-09-05 10:57:28.708077+05:30,50.45,,22980225
2025-09-05 10:57:29.208321+05:30,50.3,,22980225
2025-09-05 10:57:29.778335+05:30,50.55,,22980225
2025-09-05 10:57:30.519845+05:30,50.55,,22980225
2025-09-05 10:57:30.789727+05:30,50.3,,22980225
2025-09-05 10:57:30.986541+05:30,50.55,,22980225
2025-09-05 10:57:31.441156+05:30,50.55,,22980225
2025-09-05 10:57:31.680532+05:30,50.55,,22980225
2025-09-05 10:57:32.449511+05:30,50.55,,22980225
2025-09-05 10:57:32.756112+05:30,50.7,,22980225
2025-09-05 10:57:33.142146+05:30,50.5,,22980225
2025-09-05 10:57:33.682502+05:30,50.7,,22980225
2025-09-05 10:57:34.175563+05:30,50.6,,22980225
2025-09-05 10:57:34.661209+05:30,50.4,,22980225
2025-09-05 10:57:35.702186+05:30,50.35,,22980225
2025-09-05 10:57:35.913919+05:30,50.3,,22980225
2025-09-05 10:57:36.464118+05:30,50.1,,22980225
2025-09-05 10:57:36.645976+05:30,50.05,,22980225
2025-09-05 10:57:37.418597+05:30,50.35,,22980225
2025-09-05 10:57:38.019177+05:30,50.3,,22980225
2025-09-05 10:57:38.244293+05:30,50.2,,22980225
2025-09-05 10:57:38.642127+05:30,50.15,,22980225
2025-09-05 10:57:39.241620+05:30,50.2,,22980225
2025-09-05 10:57:39.759099+05:30,50.2,,22980225
2025-09-05 10:57:40.767511+05:30,50.25,,22980225
2025-09-05 10:57:41.190730+05:30,50.3,,22980225
2025-09-05 10:57:41.686371+05:30,50.3,,22980225
2025-09-05 10:57:42.719776+05:30,50.35,,22980225
2025-09-05 10:57:43.186826+05:30,50.45,,22980225
2025-09-05 10:57:43.999872+05:30,50.3,,23299950
2025-09-05 10:57:44.158862+05:30,50.5,,23299950
2025-09-05 10:57:44.642139+05:30,50.5,,23299950
2025-09-05 10:57:45.717616+05:30,50.2,,23299950
2025-09-05 10:57:46.184667+05:30,50.35,,23299950
2025-09-05 10:57:46.692626+05:30,50.35,,23299950
2025-09-05 10:57:47.642190+05:30,50.55,,23299950
2025-09-05 10:57:48.193937+05:30,50.55,,23299950
2025-09-05 10:57:48.665384+05:30,50.45,,23299950
2025-09-05 10:57:49.150679+05:30,51.05,,23299950
2025-09-05 10:57:49.742910+05:30,50.9,,23299950
2025-09-05 10:57:50.696443+05:30,50.7,,23299950
2025-09-05 10:57:51.164457+05:30,50.85,,23299950
2025-09-05 10:57:51.450946+05:30,50.75,,23299950
2025-09-05 10:57:51.698845+05:30,50.9,,23299950
2025-09-05 10:57:52.642238+05:30,51.25,,23299950
2025-09-05 10:57:53.137586+05:30,51.35,,23299950
2025-09-05 10:57:53.712450+05:30,51.45,,23299950
2025-09-05 10:57:54.391962+05:30,51.65,,23299950
2025-09-05 10:57:54.733970+05:30,51.8,,23299950
2025-09-05 10:57:55.743597+05:30,51.9,,23299950
2025-09-05 10:57:56.141998+05:30,52.0,,23299950
2025-09-05 10:57:56.646969+05:30,51.8,,23299950
2025-09-05 10:57:57.663849+05:30,51.75,,23299950
2025-09-05 10:57:58.168919+05:30,51.8,,23299950
2025-09-05 10:57:58.642037+05:30,51.9,,23299950
2025-09-05 10:57:59.419235+05:30,51.85,,23299950
2025-09-05 10:57:59.728741+05:30,52.0,,23299950
2025-09-05 10:58:00.694156+05:30,51.8,,23299950
2025-09-05 10:58:01.209002+05:30,52.05,,23299950
2025-09-05 10:58:01.419233+05:30,52.2,,23299950
2025-09-05 10:58:11.027498+05:30,52.2,,23299950
2025-09-05 10:58:11.168909+05:30,52.15,,23299950
2025-09-05 10:58:11.296971+05:30,52.15,,23299950
2025-09-05 10:58:11.366276+05:30,52.15,,23299950
2025-09-05 10:58:11.435622+05:30,51.9,,23299950
2025-09-05 10:58:11.570475+05:30,51.65,,23299950
2025-09-05 10:58:11.745163+05:30,51.4,,23299950
2025-09-05 10:58:11.776413+05:30,51.45,,23299950
2025-09-05 10:58:11.853224+05:30,51.45,,23299950
2025-09-05 10:58:11.930854+05:30,51.0,,23299950
2025-09-05 10:58:12.184899+05:30,51.15,,23299950
2025-09-05 10:58:12.319708+05:30,50.9,,23299950
2025-09-05 10:58:12.414261+05:30,51.0,,23299950
2025-09-05 10:58:12.491567+05:30,51.25,,23299950
2025-09-05 10:58:12.851773+05:30,51.35,,23299950
2025-09-05 10:58:13.077038+05:30,51.25,,23299950
2025-09-05 10:58:13.377998+05:30,51.4,,23299950
2025-09-05 10:58:13.577584+05:30,51.4,,23299950
2025-09-05 10:58:13.657522+05:30,51.45,,23299950
2025-09-05 10:58:13.883108+05:30,51.05,,23299950
2025-09-05 10:58:14.036637+05:30,51.25,,23299950
2025-09-05 10:58:14.179069+05:30,51.15,,23299950
2025-09-05 10:58:14.401153+05:30,51.05,,23299950
2025-09-05 10:58:14.720375+05:30,51.2,,23299950
2025-09-05 10:58:15.794309+05:30,51.0,,23299950
2025-09-05 10:58:16.420450+05:30,51.3,,23299950
2025-09-05 10:58:16.680228+05:30,51.4,,23299950
2025-09-05 10:58:17.474616+05:30,51.4,,23299950
2025-09-05 10:58:17.663837+05:30,51.4,,23299950
2025-09-05 10:58:18.207761+05:30,51.15,,23299950
2025-09-05 10:58:18.641915+05:30,50.8,,23299950
2025-09-05 10:58:19.392269+05:30,51.0,,23299950
2025-09-05 10:58:19.660752+05:30,51.05,,23299950
2025-09-05 10:58:20.669467+05:30,51.25,,23299950
2025-09-05 10:58:21.392529+05:30,51.15,,23299950
2025-09-05 10:58:21.641826+05:30,51.1,,23299950
2025-09-05 10:58:22.500608+05:30,51.15,,23299950
2025-09-05 10:58:22.703705+05:30,51.2,,23299950
2025-09-05 10:58:23.141838+05:30,51.3,,23299950
2025-09-05 10:58:23.686201+05:30,51.35,,23299950
2025-09-05 10:58:24.487349+05:30,51.45,,23299950
2025-09-05 10:58:24.656885+05:30,51.5,,23299950
2025-09-05 10:58:25.641763+05:30,51.2,,23299950
2025-09-05 10:58:25.891887+05:30,51.15,,23299950
2025-09-05 10:58:26.473921+05:30,51.35,,23299950
2025-09-05 10:58:26.685632+05:30,51.25,,23299950
2025-09-05 10:58:27.392156+05:30,51.2,,23299950
2025-09-05 10:58:27.663741+05:30,51.05,,23299950
2025-09-05 10:58:28.224871+05:30,50.75,,23299950
2025-09-05 10:58:28.641755+05:30,50.85,,23299950
2025-09-05 10:58:29.468270+05:30,50.95,,23299950
2025-09-05 10:58:29.709387+05:30,50.7,,23299950
2025-09-05 10:58:30.461240+05:30,50.7,,23299950
2025-09-05 10:58:30.773559+05:30,50.55,,23299950
2025-09-05 10:58:31.413919+05:30,50.35,,23299950
2025-09-05 10:58:31.709522+05:30,50.35,,23299950
2025-09-05 10:58:32.449884+05:30,50.35,,23299950
2025-09-05 10:58:32.651574+05:30,50.35,,23299950
2025-09-05 10:58:33.141987+05:30,50.55,,23299950
2025-09-05 10:58:33.641695+05:30,50.85,,23299950
2025-09-05 10:58:34.406160+05:30,50.75,,23299950
2025-09-05 10:58:34.754407+05:30,50.75,,23299950
2025-09-05 10:58:35.641826+05:30,51.0,,23299950
2025-09-05 10:58:36.032039+05:30,50.9,,23299950
2025-09-05 10:58:36.440680+05:30,50.95,,23299950
2025-09-05 10:58:36.687264+05:30,51.05,,23299950
2025-09-05 10:58:37.435893+05:30,51.05,,23299950
2025-09-05 10:58:37.691509+05:30,51.05,,23299950
2025-09-05 10:58:38.277153+05:30,51.05,,23299950
2025-09-05 10:58:38.685784+05:30,51.2,,23299950
2025-09-05 10:58:39.137360+05:30,51.25,,23299950
2025-09-05 10:58:39.697179+05:30,51.25,,23299950
2025-09-05 10:58:40.713766+05:30,51.3,,23299950
2025-09-05 10:58:40.891674+05:30,51.3,,23299950
2025-09-05 10:58:41.162958+05:30,51.4,,23299950
2025-09-05 10:58:41.646840+05:30,51.35,,23299950
2025-09-05 10:58:42.392672+05:30,51.5,,23299950
2025-09-05 10:58:42.706747+05:30,51.35,,23299950
2025-09-05 10:58:43.185163+05:30,51.35,,23299950
2025-09-05 10:58:43.686142+05:30,51.6,,23299950
2025-09-05 10:58:44.391638+05:30,51.4,,23299950
2025-09-05 10:58:44.648894+05:30,51.6,,23299950
2025-09-05 10:59:11.139464+05:30,51.5,,23299950
2025-09-05 10:59:11.180994+05:30,51.5,,23299950
2025-09-05 10:59:11.273612+05:30,51.65,,23299950
2025-09-05 10:59:11.283911+05:30,51.7,,23299950
2025-09-05 10:59:11.554625+05:30,51.6,,23299950
2025-09-05 10:59:11.610367+05:30,51.7,,23299950
2025-09-05 10:59:11.929864+05:30,51.6,,23299950
2025-09-05 10:59:12.112190+05:30,51.65,,23299950
2025-09-05 10:59:12.297145+05:30,51.7,,23299950
2025-09-05 10:59:12.385708+05:30,51.8,,23299950
2025-09-05 10:59:12.779772+05:30,51.7,,23299950
2025-09-05 10:59:12.854951+05:30,51.8,,23299950
2025-09-05 10:59:12.862785+05:30,52.1,,23299950
2025-09-05 10:59:13.046532+05:30,52.05,,23299950
2025-09-05 10:59:13.354269+05:30,52.15,,23299950
2025-09-05 10:59:13.471886+05:30,52.15,,23299950
2025-09-05 10:59:13.652086+05:30,52.15,,23299950
2025-09-05 10:59:13.890940+05:30,52.0,,23299950
2025-09-05 10:59:14.122287+05:30,52.15,,23299950
2025-09-05 10:59:14.294324+05:30,52.1,,23299950
2025-09-05 10:59:14.650320+05:30,52.4,,23299950
2025-09-05 10:59:14.941626+05:30,52.35,,23299950
2025-09-05 10:59:14.991199+05:30,52.4,,23299950
2025-09-05 10:59:15.128231+05:30,52.4,,23299950
2025-09-05 10:59:15.323880+05:30,52.25,,23299950
2025-09-05 10:59:15.402865+05:30,52.35,,23299950
2025-09-05 10:59:15.720240+05:30,52.0,,23299950
2025-09-05 10:59:15.901254+05:30,51.95,,23299950
2025-09-05 10:59:16.093899+05:30,51.7,,23299950
2025-09-05 10:59:16.225495+05:30,51.6,,23299950
2025-09-05 10:59:16.643489+05:30,51.85,,23299950
2025-09-05 10:59:16.686436+05:30,52.0,,23299950
2025-09-05 10:59:16.936298+05:30,51.95,,23299950
2025-09-05 10:59:17.049658+05:30,51.95,,23299950
2025-09-05 10:59:17.382141+05:30,52.15,,23299950
2025-09-05 10:59:17.497650+05:30,52.15,,23299950
2025-09-05 10:59:17.830953+05:30,52.0,,23299950
2025-09-05 10:59:17.883477+05:30,51.45,,23299950
2025-09-05 10:59:17.929463+05:30,51.35,,23299950
2025-09-05 10:59:18.187634+05:30,51.55,,23299950
2025-09-05 10:59:18.312335+05:30,51.4,,23299950
2025-09-05 10:59:18.728583+05:30,51.6,,23299950
2025-09-05 10:59:18.930151+05:30,51.8,,23299950
2025-09-05 10:59:19.177824+05:30,51.7,,23299950
2025-09-05 10:59:19.218964+05:30,51.95,,23299950
2025-09-05 10:59:19.550808+05:30,51.8,,23299950
2025-09-05 10:59:19.660510+05:30,51.85,,23299950
2025-09-05 10:59:20.004457+05:30,51.6,,23299950
2025-09-05 10:59:20.165217+05:30,51.8,,23299950
2025-09-05 10:59:20.372183+05:30,51.85,,23299950
2025-09-05 10:59:20.629193+05:30,51.9,,23299950
2025-09-05 10:59:21.001690+05:30,51.85,,23299950
2025-09-05 10:59:21.280920+05:30,51.75,,23299950
2025-09-05 10:59:21.352118+05:30,51.85,,23299950
2025-09-05 10:59:21.623703+05:30,52.0,,23299950
2025-09-05 10:59:21.668195+05:30,52.35,,23299950
2025-09-05 10:59:21.893604+05:30,52.3,,23299950
2025-09-05 10:59:22.027260+05:30,52.2,,23299950
2025-09-05 10:59:22.251420+05:30,52.2,,23299950
2025-09-05 10:59:22.297573+05:30,52.2,,23299950
2025-09-05 10:59:22.725952+05:30,52.3,,23299950
2025-09-05 10:59:22.739396+05:30,52.05,,23299950
2025-09-05 10:59:23.081436+05:30,52.25,,23299950
2025-09-05 10:59:23.185520+05:30,52.25,,23299950
2025-09-05 10:59:23.435913+05:30,52.35,,23299950
2025-09-05 10:59:23.644623+05:30,52.25,,23299950
2025-09-05 10:59:23.806517+05:30,52.4,,23299950
2025-09-05 10:59:23.912741+05:30,52.5,,23299950
2025-09-05 10:59:23.998974+05:30,52.15,,23299950
2025-09-05 10:59:24.218555+05:30,52.0,,23299950
2025-09-05 10:59:24.533071+05:30,52.2,,23299950
2025-09-05 10:59:24.633506+05:30,52.05,,23299950
2025-09-05 10:59:24.823243+05:30,52.0,,23299950
2025-09-05 10:59:24.919813+05:30,52.0,,23299950
2025-09-05 10:59:25.350146+05:30,52.35,,23299950
2025-09-05 10:59:25.476306+05:30,52.25,,23299950
2025-09-05 10:59:25.503273+05:30,52.2,,23299950
2025-09-05 10:59:25.875871+05:30,52.65,,23299950
2025-09-05 10:59:25.995023+05:30,52.6,,23299950
2025-09-05 10:59:26.366772+05:30,52.7,,23299950
2025-09-05 10:59:26.511723+05:30,52.55,,23299950
2025-09-05 10:59:26.681111+05:30,52.45,,23299950
2025-09-05 11:00:11.036440+05:30,52.6,,23299950
2025-09-05 11:00:11.181073+05:30,52.4,,23299950
2025-09-05 11:00:11.203954+05:30,52.4,,23299950
2025-09-05 11:00:11.445271+05:30,52.4,,23299950
2025-09-05 11:00:11.454678+05:30,52.25,,23299950
2025-09-05 11:00:11.758503+05:30,52.35,,23299950
2025-09-05 11:00:11.776358+05:30,52.4,,23299950
2025-09-05 11:00:12.014784+05:30,52.4,,23299950
2025-09-05 11:00:12.168585+05:30,52.25,,23299950
2025-09-05 11:00:12.223180+05:30,52.3,,23299950
2025-09-05 11:00:12.533615+05:30,52.05,,23299950
2025-09-05 11:00:12.797164+05:30,52.15,,23299950
2025-09-05 11:00:12.881163+05:30,51.5,,23299950
2025-09-05 11:00:13.073148+05:30,51.45,,23299950
2025-09-05 11:00:13.220896+05:30,51.35,,23299950
2025-09-05 11:00:13.426099+05:30,51.6,,23299950
2025-09-05 11:00:13.574605+05:30,51.5,,23299950
2025-09-05 11:00:13.898677+05:30,51.9,,23299950
2025-09-05 11:00:13.968860+05:30,52.0,,23299950
2025-09-05 11:00:14.234514+05:30,51.95,,23299950
2025-09-05 11:00:14.295097+05:30,51.85,,23299950
2025-09-05 11:00:14.689598+05:30,52.0,,23299950
2025-09-05 11:00:14.731853+05:30,52.0,,23299950
2025-09-05 11:00:14.972648+05:30,52.0,,23299950
2025-09-05 11:00:15.164801+05:30,51.85,,23299950
2025-09-05 11:00:15.458397+05:30,51.9,,23299950
2025-09-05 11:00:15.594446+05:30,51.75,,23299950
2025-09-05 11:00:15.676682+05:30,51.85,,23299950
2025-09-05 11:00:15.982874+05:30,51.85,,23299950
2025-09-05 11:00:16.123531+05:30,51.95,,23299950
2025-09-05 11:00:16.227517+05:30,51.8,,23299950
2025-09-05 11:00:16.378566+05:30,52.0,,23299950
2025-09-05 11:00:16.574555+05:30,51.95,,23299950
2025-09-05 11:00:16.604866+05:30,51.95,,23299950
2025-09-05 11:00:17.036686+05:30,52.0,,23299950
2025-09-05 11:00:17.185194+05:30,51.9,,23299950
2025-09-05 11:00:17.431676+05:30,52.0,,23299950
2025-09-05 11:00:17.540306+05:30,51.95,,23299950
2025-09-05 11:00:17.638942+05:30,51.8,,23299950
2025-09-05 11:00:17.768482+05:30,51.85,,23299950
2025-09-05 11:00:17.878456+05:30,51.7,,23299950
2025-09-05 11:00:18.015151+05:30,51.6,,23299950
2025-09-05 11:00:18.061346+05:30,51.45,,23299950
2025-09-05 11:00:18.345363+05:30,51.6,,23299950
2025-09-05 11:00:18.416245+05:30,51.75,,23299950
2025-09-05 11:00:18.622695+05:30,51.55,,23299950
2025-09-05 11:00:18.842181+05:30,51.45,,23299950
2025-09-05 11:00:19.168258+05:30,51.6,,23299950
2025-09-05 11:00:19.304789+05:30,51.55,,23299950
2025-09-05 11:00:19.678912+05:30,51.45,,23299950
2025-09-05 11:00:19.896649+05:30,51.45,,23299950
2025-09-05 11:00:20.047642+05:30,51.5,,23299950
2025-09-05 11:00:20.049397+05:30,51.6,,23299950
2025-09-05 11:00:20.374231+05:30,51.6,,23299950
2025-09-05 11:00:20.787358+05:30,51.6,,23299950
2025-09-05 11:00:20.925613+05:30,51.6,,23299950
2025-09-05 11:00:21.239913+05:30,51.6,,23299950
2025-09-05 11:00:21.363925+05:30,52.05,,23299950
2025-09-05 11:00:21.734512+05:30,52.05,,23299950
2025-09-05 11:00:21.945801+05:30,51.9,,23299950
2025-09-05 11:00:22.053768+05:30,51.95,,23299950
2025-09-05 11:00:22.111217+05:30,52.0,,23299950
2025-09-05 11:00:22.449683+05:30,52.2,,23299950
2025-09-05 11:00:22.690811+05:30,52.25,,23299950
2025-09-05 11:00:22.779490+05:30,52.35,,23299950
2025-09-05 11:00:23.135084+05:30,52.2,,23299950
2025-09-05 11:00:23.243855+05:30,51.95,,23299950
2025-09-05 11:00:23.666496+05:30,51.95,,23299950
2025-09-05 11:00:23.833705+05:30,52.1,,23299950
2025-09-05 11:00:23.992574+05:30,52.55,,23299950
2025-09-05 11:00:24.060678+05:30,52.45,,23299950
2025-09-05 11:00:24.168775+05:30,52.6,,23299950
2025-09-05 11:00:24.411640+05:30,52.1,,23299950
2025-09-05 11:00:24.779142+05:30,52.2,,23299950
2025-09-05 11:00:24.898373+05:30,51.85,,23299950
2025-09-05 11:00:25.283662+05:30,51.8,,23299950
2025-09-05 11:00:25.643453+05:30,52.1,,23299950
2025-09-05 11:00:25.999119+05:30,52.05,,23299950
2025-09-05 11:00:26.042521+05:30,51.85,,23299950
2025-09-05 11:00:56.392319+05:30,51.75,,23299950
2025-09-05 11:00:56.619521+05:30,51.6,,23299950
2025-09-05 11:00:56.803402+05:30,51.6,,23299950
2025-09-05 11:00:56.921735+05:30,51.55,,23299950
2025-09-05 11:00:57.152973+05:30,51.4,,23299950
2025-09-05 11:00:57.293404+05:30,51.4,,23299950
2025-09-05 11:00:57.390361+05:30,51.5,,23299950
2025-09-05 11:00:57.675295+05:30,51.7,,23299950
2025-09-05 11:00:57.885350+05:30,51.75,,23299950
2025-09-05 11:00:57.931447+05:30,51.75,,23299950
2025-09-05 11:00:58.138680+05:30,51.9,,23299950
2025-09-05 11:00:58.345397+05:30,52.15,,23299950
2025-09-05 11:00:58.424502+05:30,51.8,,23299950
2025-09-05 11:00:58.581281+05:30,51.8,,23299950
2025-09-05 11:00:58.612946+05:30,51.95,,23299950
2025-09-05 11:00:58.662445+05:30,52.0,,23299950
2025-09-05 11:00:58.837311+05:30,51.95,,23299950
2025-09-05 11:00:59.018176+05:30,51.9,,23299950
2025-09-05 11:00:59.147989+05:30,51.75,,23299950
2025-09-05 11:00:59.191885+05:30,51.9,,23299950
2025-09-05 11:00:59.492809+05:30,51.8,,23299950
2025-09-05 11:00:59.635811+05:30,51.9,,23299950
2025-09-05 11:00:59.824851+05:30,51.8,,23299950
2025-09-05 11:01:00.021997+05:30,51.85,,23299950
2025-09-05 11:01:00.095933+05:30,51.9,,23299950
2025-09-05 11:01:00.233022+05:30,51.95,,23299950
2025-09-05 11:01:00.670639+05:30,51.9,,23299950
2025-09-05 11:01:00.845284+05:30,51.9,,23299950
2025-09-05 11:01:00.920877+05:30,51.8,,23299950
2025-09-05 11:01:01.194823+05:30,52.35,,23299950
2025-09-05 11:01:01.349281+05:30,52.3,,23299950
2025-09-05 11:01:01.561263+05:30,52.3,,23299950
2025-09-05 11:01:01.618444+05:30,52.65,,23299950
2025-09-05 11:01:01.719286+05:30,52.4,,23299950
2025-09-05 11:01:02.022942+05:30,52.4,,23299950
2025-09-05 11:01:02.264377+05:30,52.75,,23299950
2025-09-05 11:01:02.301500+05:30,52.6,,23299950
2025-09-05 11:01:02.572231+05:30,52.6,,23299950
2025-09-05 11:01:02.739437+05:30,52.75,,23299950
2025-09-05 11:01:02.845369+05:30,52.05,,23299950
2025-09-05 11:01:03.025654+05:30,51.85,,23299950
2025-09-05 11:01:03.147397+05:30,51.8,,23299950
2025-09-05 11:01:03.700122+05:30,51.8,,23299950
2025-09-05 11:01:03.772523+05:30,51.9,,23299950
2025-09-05 11:01:04.068775+05:30,51.8,,23299950
2025-09-05 11:01:04.429230+05:30,52.05,,23299950
2025-09-05 11:01:04.582864+05:30,52.1,,23299950
2025-09-05 11:01:04.827103+05:30,52.25,,23299950
2025-09-05 11:01:04.997171+05:30,52.2,,23299950
2025-09-05 11:01:05.118406+05:30,52.1,,23299950
2025-09-05 11:01:05.476196+05:30,52.2,,23299950
2025-09-05 11:01:05.807779+05:30,52.3,,23299950
2025-09-05 11:01:06.219223+05:30,52.3,,23299950
2025-09-05 11:01:06.374636+05:30,52.3,,23299950
2025-09-05 11:01:06.591759+05:30,52.25,,23299950
2025-09-05 11:01:06.880114+05:30,52.25,,23299950
2025-09-05 11:01:06.921065+05:30,52.45,,23299950
2025-09-05 11:01:07.125094+05:30,52.8,,23299950
2025-09-05 11:01:07.339353+05:30,52.75,,23299950
2025-09-05 11:01:07.486071+05:30,52.5,,23299950
2025-09-05 11:01:07.506575+05:30,52.7,,23299950
2025-09-05 11:01:07.730964+05:30,52.05,,23299950
2025-09-05 11:01:07.803941+05:30,51.65,,23299950
2025-09-05 11:01:07.924569+05:30,52.15,,23493000
2025-09-05 11:01:08.136092+05:30,52.05,,23493000
2025-09-05 11:01:08.161160+05:30,51.9,,23493000
2025-09-05 11:01:08.442491+05:30,51.8,,23493000
2025-09-05 11:01:08.585233+05:30,51.85,,23493000
2025-09-05 11:01:08.665303+05:30,51.65,,23493000
2025-09-05 11:01:08.970277+05:30,51.8,,23493000
2025-09-05 11:01:09.167304+05:30,51.75,,23493000
2025-09-05 11:01:09.263282+05:30,51.8,,23493000
2025-09-05 11:01:09.581794+05:30,51.85,,23493000
2025-09-05 11:01:09.637726+05:30,51.9,,23493000
2025-09-05 11:01:09.960733+05:30,51.9,,23493000
2025-09-05 11:01:09.977650+05:30,51.9,,23493000
2025-09-05 11:01:10.276571+05:30,51.85,,23493000
2025-09-05 11:01:10.616542+05:30,51.85,,23493000
2025-09-05 11:01:10.676549+05:30,51.6,,23493000
2025-09-05 11:01:10.900541+05:30,51.65,,23493000
2025-09-05 11:01:11.118330+05:30,51.95,,23493000
2025-09-05 11:01:11.380795+05:30,52.0,,23493000
2025-09-05 11:01:11.415570+05:30,51.9,,23493000
2025-09-05 11:01:11.707230+05:30,52.05,,23493000
2025-09-05 11:01:11.773710+05:30,52.05,,23493000
2025-09-05 11:01:11.989327+05:30,52.25,,23493000
2025-09-05 11:01:12.049273+05:30,52.2,,23493000
2025-09-05 11:01:12.359884+05:30,52.25,,23493000
2025-09-05 11:01:12.497785+05:30,52.25,,23493000
2025-09-05 11:01:12.686667+05:30,52.25,,23493000
2025-09-05 11:01:12.820635+05:30,52.15,,23493000
2025-09-05 11:01:12.973469+05:30,52.1,,23493000
2025-09-05 11:01:13.378675+05:30,52.1,,23493000
2025-09-05 11:01:13.464093+05:30,52.55,,23493000
2025-09-05 11:01:13.610637+05:30,52.5,,23493000
2025-09-05 11:01:13.636613+05:30,52.65,,23493000
2025-09-05 11:01:13.885805+05:30,52.45,,23493000
2025-09-05 11:01:13.927582+05:30,52.6,,23493000
2025-09-05 11:01:14.094122+05:30,52.35,,23493000
2025-09-05 11:01:14.183308+05:30,52.4,,23493000
2025-09-05 11:01:14.331458+05:30,52.4,,23493000
2025-09-05 11:01:14.526046+05:30,52.25,,23493000
2025-09-05 11:01:14.845468+05:30,52.15,,23493000
2025-09-05 11:01:14.935919+05:30,51.9,,23493000
2025-09-05 11:01:15.012121+05:30,52.0,,23493000
2025-09-05 11:01:15.103363+05:30,52.1,,23493000
2025-09-05 11:01:15.261719+05:30,52.35,,23493000
2025-09-05 11:01:15.396159+05:30,52.05,,23493000
2025-09-05 11:01:15.474476+05:30,52.25,,23493000
2025-09-05 11:01:15.703671+05:30,52.3,,23493000
2025-09-05 11:01:15.793590+05:30,52.3,,23493000
2025-09-05 11:01:15.970649+05:30,52.15,,23493000
2025-09-05 11:01:16.281683+05:30,52.65,,23493000
2025-09-05 11:01:16.324288+05:30,52.65,,23493000
2025-09-05 11:01:16.471912+05:30,52.65,,23493000
2025-09-05 11:01:16.772415+05:30,52.45,,23493000
2025-09-05 11:01:16.887817+05:30,52.75,,23493000
2025-09-05 11:01:17.018751+05:30,52.75,,23493000
2025-09-05 11:01:17.166221+05:30,52.8,,23493000
2025-09-05 11:01:17.333129+05:30,52.9,,23493000
2025-09-05 11:01:17.557727+05:30,53.0,,23493000
2025-09-05 11:01:17.654732+05:30,52.9,,23493000
2025-09-05 11:01:17.965064+05:30,53.05,,23493000
2025-09-05 11:01:18.130538+05:30,53.15,,23493000
2025-09-05 11:01:18.282417+05:30,52.85,,23493000
2025-09-05 11:01:18.380798+05:30,52.85,,23493000
2025-09-05 11:01:18.539340+05:30,52.75,,23493000
2025-09-05 11:01:18.652209+05:30,52.6,,23493000
2025-09-05 11:01:18.703486+05:30,52.8,,23493000
2025-09-05 11:01:18.835756+05:30,52.75,,23493000
2025-09-05 11:01:19.162786+05:30,52.5,,23493000
2025-09-05 11:01:19.671881+05:30,52.6,,23493000
2025-09-05 11:01:20.729785+05:30,52.55,,23493000
2025-09-05 11:01:20.886673+05:30,52.45,,23493000
2025-09-05 11:01:21.403743+05:30,52.55,,23493000
2025-09-05 11:01:21.657703+05:30,52.55,,23493000
2025-09-05 11:01:22.685124+05:30,52.45,,23493000
2025-09-05 11:01:23.425061+05:30,52.5,,23493000
2025-09-05 11:01:23.657771+05:30,52.5,,23493000
2025-09-05 11:01:24.153853+05:30,52.45,,23493000
2025-09-05 11:01:24.670661+05:30,52.4,,23493000
2025-09-05 11:01:25.703424+05:30,51.25,,23493000
2025-09-05 11:01:26.009851+05:30,51.35,,23493000
2025-09-05 11:01:26.407420+05:30,51.55,,23493000
2025-09-05 11:01:26.703426+05:30,51.55,,23493000
2025-09-05 11:01:27.434161+05:30,51.7,,23493000
2025-09-05 11:01:27.687292+05:30,51.7,,23493000
2025-09-05 11:01:28.159482+05:30,51.8,,23493000
2025-09-05 11:01:28.662400+05:30,51.85,,23493000
2025-09-05 11:01:29.204564+05:30,51.95,,23493000
2025-09-05 11:01:29.640815+05:30,51.95,,23493000
2025-09-05 11:01:30.681627+05:30,51.95,,23493000
2025-09-05 11:01:30.914958+05:30,51.95,,23493000
2025-09-05 11:01:31.439412+05:30,51.75,,23493000
2025-09-05 11:01:31.640892+05:30,51.7,,23493000
2025-09-05 11:01:32.386425+05:30,51.55,,23493000
2025-09-05 11:01:32.941813+05:30,51.55,,23493000
2025-09-05 11:01:33.140985+05:30,51.4,,23493000
2025-09-05 11:01:33.640653+05:30,51.6,,23493000
2025-09-05 11:01:34.267600+05:30,51.75,,23493000
2025-09-05 11:01:34.713499+05:30,51.8,,23493000
2025-09-05 11:01:35.706502+05:30,51.7,,23493000
2025-09-05 11:01:35.932931+05:30,51.95,,23493000
2025-09-05 11:01:36.402573+05:30,52.05,,23493000
2025-09-05 11:01:36.641465+05:30,51.85,,23493000
2025-09-05 11:01:37.391280+05:30,52.25,,23493000
2025-09-05 11:01:37.684500+05:30,52.15,,23493000
2025-09-05 11:01:37.890872+05:30,52.2,,23493000
2025-09-05 11:01:38.694255+05:30,52.6,,23493000
2025-09-05 11:01:39.261925+05:30,52.65,,23493000
2025-09-05 11:01:39.640690+05:30,52.7,,23493000
2025-09-05 11:01:39.896469+05:30,52.7,,23493000
2025-09-05 11:01:40.647376+05:30,52.5,,23493000
2025-09-05 11:01:40.890617+05:30,52.65,,23493000
2025-09-05 11:01:41.415154+05:30,52.55,,23493000
2025-09-05 11:01:41.653141+05:30,52.65,,23493000
2025-09-05 11:01:42.386248+05:30,52.1,,23493000
2025-09-05 11:01:42.640571+05:30,52.2,,23493000
2025-09-05 11:01:42.999863+05:30,52.2,,23493000
2025-09-05 11:01:43.669991+05:30,52.1,,23493000
2025-09-05 11:01:44.216411+05:30,52.0,,23493000
2025-09-05 11:01:44.711999+05:30,52.3,,23493000
2025-09-05 11:01:44.895977+05:30,52.3,,23493000
2025-09-05 11:01:45.707118+05:30,52.45,,23493000
2025-09-05 11:01:45.890604+05:30,52.55,,23493000
2025-09-05 11:01:46.658510+05:30,52.35,,23493000
2025-09-05 11:01:47.390803+05:30,52.35,,23493000
2025-09-05 11:01:47.636217+05:30,52.5,,23493000
2025-09-05 11:01:47.977806+05:30,52.6,,23493000
2025-09-05 11:01:48.711806+05:30,52.45,,23493000
2025-09-05 11:01:49.237112+05:30,52.35,,23493000
2025-09-05 11:01:49.684776+05:30,52.25,,23493000
2025-09-05 11:01:49.988204+05:30,52.25,,23493000
2025-09-05 11:01:50.641247+05:30,52.2,,23493000
2025-09-05 11:01:50.912252+05:30,52.1,,23493000
2025-09-05 11:01:51.414208+05:30,52.15,,23493000
2025-09-05 11:01:51.717930+05:30,52.35,,23493000
2025-09-05 11:01:51.940595+05:30,52.35,,23493000
2025-09-05 11:01:52.407302+05:30,52.5,,23493000
2025-09-05 11:01:52.640567+05:30,52.45,,23493000
2025-09-05 11:01:52.909996+05:30,52.4,,23493000
2025-09-05 11:01:53.755677+05:30,52.35,,23493000
2025-09-05 11:01:54.165106+05:30,52.35,,23493000
2025-09-05 11:01:54.647616+05:30,52.3,,23493000
2025-09-05 11:01:55.645651+05:30,52.45,,23493000
2025-09-05 11:01:55.986856+05:30,52.6,,23493000
2025-09-05 11:01:56.493945+05:30,52.6,,23493000
2025-09-05 11:01:56.691473+05:30,52.55,,23493000
2025-09-05 11:01:57.008510+05:30,52.65,,23493000
2025-09-05 11:01:57.418451+05:30,52.6,,23493000
2025-09-05 11:01:57.665513+05:30,52.6,,23493000
2025-09-05 11:01:57.890510+05:30,52.65,,23493000
2025-09-05 11:01:58.668476+05:30,52.75,,23493000
2025-09-05 11:01:59.179059+05:30,52.8,,23493000
2025-09-05 11:01:59.696417+05:30,52.9,,23493000
2025-09-05 11:02:00.653890+05:30,52.9,,23493000
2025-09-05 11:02:00.900704+05:30,52.7,,23493000
2025-09-05 11:02:01.390912+05:30,52.85,,23493000
2025-09-05 11:02:02.027588+05:30,52.95,,23493000
2025-09-05 11:02:02.435744+05:30,52.65,,23493000
2025-09-05 11:02:02.644735+05:30,52.75,,23493000
2025-09-05 11:02:03.204708+05:30,52.95,,23493000
2025-09-05 11:02:03.684137+05:30,53.0,,23493000
2025-09-05 11:02:04.241765+05:30,52.95,,23493000
2025-09-05 11:02:04.662461+05:30,52.85,,23493000
2025-09-05 11:02:05.672878+05:30,52.75,,23493000
2025-09-05 11:02:05.890975+05:30,52.75,,23493000
2025-09-05 11:02:06.439751+05:30,52.75,,23493000
2025-09-05 11:02:06.786577+05:30,52.9,,23493000
2025-09-05 11:02:06.931105+05:30,52.9,,23493000
2025-09-05 11:02:07.657378+05:30,52.65,,23493000
2025-09-05 11:02:08.235329+05:30,52.7,,23493000
2025-09-05 11:02:08.662628+05:30,53.05,,23493000
2025-09-05 11:02:08.891377+05:30,53.0,,23493000
2025-09-05 11:02:09.206409+05:30,53.5,,23493000
2025-09-05 11:02:09.890624+05:30,53.5,,23493000
2025-09-05 11:02:10.736673+05:30,53.3,,23493000
2025-09-05 11:02:10.925555+05:30,53.35,,23493000
2025-09-05 11:02:11.509795+05:30,53.45,,23493000
2025-09-05 11:02:11.679892+05:30,52.95,,23493000
2025-09-05 11:02:11.897613+05:30,53.0,,23493000
2025-09-05 11:02:12.646591+05:30,52.9,,23493000
2025-09-05 11:02:13.167425+05:30,52.95,,23493000
2025-09-05 11:02:13.687440+05:30,52.9,,23493000
2025-09-05 11:02:13.891091+05:30,52.9,,23493000
2025-09-05 11:02:14.502064+05:30,52.8,,23493000
2025-09-05 11:02:14.636519+05:30,52.3,,23493000
2025-09-05 11:02:14.897997+05:30,52.2,,23493000
2025-09-05 11:02:15.706445+05:30,52.5,,23493000
2025-09-05 11:02:16.390702+05:30,52.3,,23493000
2025-09-05 11:02:16.973778+05:30,52.45,,23493000
2025-09-05 11:02:17.671872+05:30,52.35,,23493000
2025-09-05 11:02:18.284080+05:30,52.4,,23493000
2025-09-05 11:02:18.958237+05:30,52.35,,23493000
2025-09-05 11:02:19.417526+05:30,52.45,,23493000
2025-09-05 11:02:19.992343+05:30,52.4,,23493000
2025-09-05 11:02:20.948629+05:30,52.45,,23493000
2025-09-05 11:02:21.433903+05:30,52.35,,23493000
2025-09-05 11:02:21.890522+05:30,52.35,,23493000
2025-09-05 11:02:22.390591+05:30,52.5,,23493000
2025-09-05 11:02:22.955197+05:30,52.3,,23493000
2025-09-05 11:02:23.922350+05:30,52.4,,23493000
2025-09-05 11:02:24.714751+05:30,52.55,,23493000
2025-09-05 11:02:25.885423+05:30,52.4,,23493000
2025-09-05 11:02:26.640318+05:30,52.55,,23493000
2025-09-05 11:02:26.890756+05:30,52.4,,23493000
2025-09-05 11:02:27.229773+05:30,52.3,,23493000
2025-09-05 11:02:27.705123+05:30,52.5,,23493000
2025-09-05 11:02:27.963391+05:30,52.5,,23493000
2025-09-05 11:02:28.667914+05:30,52.6,,23493000
2025-09-05 11:02:28.934478+05:30,52.6,,23493000
2025-09-05 11:02:29.499323+05:30,52.5,,23493000
2025-09-05 11:02:29.673032+05:30,52.35,,23493000
2025-09-05 11:02:30.740513+05:30,52.35,,23493000
2025-09-05 11:02:30.951681+05:30,52.4,,23493000
2025-09-05 11:02:31.164978+05:30,52.35,,23493000
2025-09-05 11:02:31.949850+05:30,52.55,,23493000
2025-09-05 11:02:32.451699+05:30,52.35,,23493000
2025-09-05 11:02:32.895611+05:30,52.45,,23493000
2025-09-05 11:02:33.890716+05:30,52.35,,23493000
2025-09-05 11:02:34.185482+05:30,52.35,,23493000
2025-09-05 11:02:34.439663+05:30,52.1,,23493000
2025-09-05 11:02:34.964374+05:30,52.2,,23493000
2025-09-05 11:02:35.663107+05:30,51.85,,23493000
2025-09-05 11:02:36.230486+05:30,52.0,,23493000
2025-09-05 11:02:36.885603+05:30,51.85,,23493000
2025-09-05 11:02:37.413777+05:30,51.85,,23493000
2025-09-05 11:02:37.951418+05:30,51.9,,23493000
2025-09-05 11:02:38.944786+05:30,51.95,,23493000
2025-09-05 11:02:39.482886+05:30,51.85,,23493000
2025-09-05 11:02:40.269386+05:30,51.55,,23493000
2025-09-05 11:02:40.648287+05:30,51.35,,23493000
2025-09-05 11:02:41.175490+05:30,51.4,,23493000
2025-09-05 11:02:41.890350+05:30,51.45,,23493000
2025-09-05 11:02:42.418155+05:30,51.55,,23493000
2025-09-05 11:02:42.980244+05:30,51.8,,23493000
2025-09-05 11:02:43.898514+05:30,51.8,,23493000
2025-09-05 11:02:44.670784+05:30,52.1,,23493000
2025-09-05 11:02:44.985199+05:30,52.05,,23493000
2025-09-05 11:02:45.653376+05:30,51.85,,23493000
2025-09-05 11:02:45.914783+05:30,51.85,,23493000
2025-09-05 11:02:46.158705+05:30,51.9,,23493000
2025-09-05 11:02:47.001347+05:30,51.7,,23493000
2025-09-05 11:02:47.168685+05:30,51.55,,23493000
2025-09-05 11:02:47.890835+05:30,51.5,,23493000
2025-09-05 11:02:48.887438+05:30,51.35,,23493000
2025-09-05 11:02:49.666828+05:30,51.8,,23493000
2025-09-05 11:02:49.940664+05:30,51.9,,23493000
2025-09-05 11:02:50.714715+05:30,51.8,,23493000
2025-09-05 11:02:50.889804+05:30,51.85,,23493000
2025-09-05 11:02:51.209141+05:30,51.85,,23493000
2025-09-05 11:02:51.888689+05:30,51.7,,23493000
2025-09-05 11:02:52.190172+05:30,51.8,,23493000
2025-09-05 11:02:52.640309+05:30,51.85,,23493000
2025-09-05 11:02:53.734318+05:30,51.7,,23493000
2025-09-05 11:02:53.891086+05:30,51.65,,23493000
2025-09-05 11:02:54.490026+05:30,51.8,,23493000
2025-09-05 11:02:55.021905+05:30,51.7,,23493000
2025-09-05 11:02:55.407121+05:30,51.55,,23493000
2025-09-05 11:02:55.996189+05:30,51.65,,23493000
2025-09-05 11:02:56.998788+05:30,51.7,,23493000
2025-09-05 11:02:57.202467+05:30,51.85,,23493000
2025-09-05 11:02:57.662061+05:30,51.6,,23493000
2025-09-05 11:02:58.663788+05:30,51.6,,23493000
2025-09-05 11:02:58.983541+05:30,51.6,,23493000
2025-09-05 11:02:59.193391+05:30,51.45,,23493000
2025-09-05 11:03:00.050367+05:30,51.3,,23493000
2025-09-05 11:03:00.225304+05:30,51.4,,23493000
2025-09-05 11:03:00.505331+05:30,51.4,,23493000
2025-09-05 11:03:00.964097+05:30,51.5,,23493000
2025-09-05 11:03:01.986640+05:30,51.35,,23493000
2025-09-05 11:03:02.433385+05:30,51.35,,23493000
2025-09-05 11:03:02.922358+05:30,51.15,,23493000
2025-09-05 11:03:03.664172+05:30,51.45,,23493000
2025-09-05 11:03:03.915962+05:30,51.45,,23493000
2025-09-05 11:03:04.222109+05:30,51.45,,23493000
2025-09-05 11:03:04.999056+05:30,51.55,,23493000
2025-09-05 11:03:05.713358+05:30,51.4,,23493000
2025-09-05 11:03:06.891046+05:30,51.4,,23493000
2025-09-05 11:03:07.464262+05:30,51.4,,23493000
2025-09-05 11:03:07.955536+05:30,51.5,,23493000
2025-09-05 11:03:08.469118+05:30,51.05,,23493000
2025-09-05 11:03:08.956967+05:30,51.15,,23493000
2025-09-05 11:03:09.140607+05:30,51.1,,23493000
2025-09-05 11:03:10.038571+05:30,51.3,,23493000
2025-09-05 11:03:10.239294+05:30,51.5,,23493000
2025-09-05 11:03:10.683720+05:30,51.55,,23493000
2025-09-05 11:03:10.997241+05:30,51.55,,23493000
2025-09-05 11:03:11.683664+05:30,51.55,,23493000
2025-09-05 11:03:11.983929+05:30,51.55,,23493000
2025-09-05 11:03:12.407386+05:30,51.7,,23493000
2025-09-05 11:03:13.010845+05:30,51.5,,23493000
2025-09-05 11:03:13.464796+05:30,50.85,,23493000
2025-09-05 11:03:13.890140+05:30,51.15,,23493000
2025-09-05 11:03:14.988023+05:30,51.1,,23493000
2025-09-05 11:03:15.237818+05:30,51.15,,23493000
2025-09-05 11:03:15.635685+05:30,51.2,,23493000
2025-09-05 11:03:15.925590+05:30,51.2,,23493000
2025-09-05 11:03:16.670750+05:30,51.3,,23493000
2025-09-05 11:03:17.190180+05:30,51.4,,23493000
2025-09-05 11:03:17.926774+05:30,51.35,,23493000
2025-09-05 11:03:18.390203+05:30,51.35,,23493000
2025-09-05 11:03:18.912039+05:30,51.3,,23493000
2025-09-05 11:03:19.890178+05:30,51.35,,23493000
2025-09-05 11:03:20.642514+05:30,51.2,,23493000
2025-09-05 11:03:20.958230+05:30,51.2,,23493000
2025-09-05 11:03:21.636791+05:30,51.15,,23493000
2025-09-05 11:03:21.890075+05:30,51.15,,23493000
2025-09-05 11:03:22.239247+05:30,51.0,,23493000
2025-09-05 11:03:22.970969+05:30,51.2,,23493000
2025-09-05 11:03:23.167972+05:30,51.05,,23493000
2025-09-05 11:03:23.674531+05:30,51.2,,23493000
2025-09-05 11:03:23.956599+05:30,51.2,,23493000
2025-09-05 11:03:24.983135+05:30,51.15,,23493000
2025-09-05 11:03:25.236864+05:30,51.0,,23493000
2025-09-05 11:03:26.011342+05:30,51.05,,23493000
2025-09-05 11:03:26.385123+05:30,51.0,,23493000
2025-09-05 11:03:26.908816+05:30,51.05,,23493000
2025-09-05 11:03:27.960685+05:30,51.1,,23493000
2025-09-05 11:03:28.173713+05:30,51.2,,23493000
2025-09-05 11:03:28.645069+05:30,51.05,,23493000
2025-09-05 11:03:28.977106+05:30,51.05,,23493000
2025-09-05 11:03:29.907397+05:30,50.65,,23493000
2025-09-05 11:03:30.408146+05:30,50.55,,23493000
2025-09-05 11:03:30.947191+05:30,50.7,,23493000
2025-09-05 11:03:31.475537+05:30,50.6,,23493000
2025-09-05 11:03:31.994276+05:30,50.55,,23493000
2025-09-05 11:03:33.035246+05:30,50.45,,23493000
2025-09-05 11:03:33.250025+05:30,50.6,,23493000
2025-09-05 11:03:33.397667+05:30,50.4,,23493000
2025-09-05 11:03:33.889555+05:30,50.35,,23493000
2025-09-05 11:03:35.024171+05:30,50.25,,23493000
2025-09-05 11:03:35.458845+05:30,50.7,,23493000
2025-09-05 11:03:35.911231+05:30,50.55,,23493000
2025-09-05 11:03:36.146153+05:30,50.2,,23493000
2025-09-05 11:03:36.941337+05:30,50.2,,23493000
2025-09-05 11:03:38.010494+05:30,50.2,,23493000
2025-09-05 11:03:38.239772+05:30,50.0,,23493000
2025-09-05 11:03:38.673662+05:30,50.25,,23493000
2025-09-05 11:03:38.971906+05:30,50.0,,23493000
2025-09-05 11:03:39.678385+05:30,49.65,,23493000
2025-09-05 11:03:39.977919+05:30,49.8,,23493000
2025-09-05 11:03:40.450196+05:30,49.7,,23493000
2025-09-05 11:03:40.940770+05:30,49.75,,23493000
2025-09-05 11:03:41.254420+05:30,50.35,,23493000
2025-09-05 11:03:41.951285+05:30,50.5,,23493000
2025-09-05 11:03:42.934996+05:30,50.75,,23493000
2025-09-05 11:03:43.246250+05:30,50.6,,23493000
2025-09-05 11:03:43.672448+05:30,50.5,,23493000
2025-09-05 11:03:43.891510+05:30,50.5,,23493000
2025-09-05 11:03:44.639853+05:30,51.05,,23530275
2025-09-05 11:03:45.461293+05:30,50.9,,23530275
2025-09-05 11:03:45.960217+05:30,50.85,,23530275
2025-09-05 11:03:46.474387+05:30,50.5,,23530275
2025-09-05 11:03:46.974128+05:30,50.35,,23530275
2025-09-05 11:03:47.890195+05:30,50.35,,23530275
2025-09-05 11:03:48.641409+05:30,50.0,,23530275
2025-09-05 11:03:48.886097+05:30,50.1,,23530275
2025-09-05 11:03:49.667121+05:30,50.1,,23530275
2025-09-05 11:03:50.230866+05:30,50.1,,23530275
2025-09-05 11:03:50.917061+05:30,50.0,,23530275
2025-09-05 11:03:51.205417+05:30,50.0,,23530275
2025-09-05 11:03:51.885544+05:30,50.05,,23530275
2025-09-05 11:03:52.155344+05:30,50.05,,23530275
2025-09-05 11:03:52.885112+05:30,49.5,,23530275
2025-09-05 11:03:53.652500+05:30,49.3,,23530275
2025-09-05 11:03:53.897204+05:30,49.2,,23530275
2025-09-05 11:03:54.418264+05:30,49.45,,23530275
2025-09-05 11:03:54.890339+05:30,49.25,,23530275
2025-09-05 11:03:55.135502+05:30,49.5,,23530275
2025-09-05 11:03:55.907379+05:30,49.65,,23530275
2025-09-05 11:03:56.222276+05:30,49.5,,23530275
2025-09-05 11:03:56.928712+05:30,49.75,,23530275
2025-09-05 11:03:57.969293+05:30,49.65,,23530275
2025-09-05 11:03:58.412604+05:30,49.85,,23530275
2025-09-05 11:03:58.922249+05:30,49.85,,23530275
2025-09-05 11:03:59.402160+05:30,49.8,,23530275
2025-09-05 11:03:59.908295+05:30,49.95,,23530275
2025-09-05 11:04:00.136316+05:30,49.95,,23530275
2025-09-05 11:04:00.455238+05:30,49.95,,23530275
2025-09-05 11:04:00.920430+05:30,49.95,,23530275
2025-09-05 11:04:01.205790+05:30,50.05,,23530275
2025-09-05 11:04:01.900236+05:30,49.95,,23530275
2025-09-05 11:04:02.655556+05:30,50.5,,23530275
2025-09-05 11:04:03.440199+05:30,50.2,,23530275
2025-09-05 11:04:03.937265+05:30,50.3,,23530275
2025-09-05 11:04:04.390192+05:30,50.6,,23530275
2025-09-05 11:04:04.905394+05:30,50.8,,23530275
2025-09-05 11:04:05.918194+05:30,50.95,,23530275
2025-09-05 11:04:06.224376+05:30,50.85,,23530275
2025-09-05 11:04:06.670444+05:30,50.9,,23530275
2025-09-05 11:04:07.645229+05:30,51.0,,23530275
2025-09-05 11:04:07.918790+05:30,51.0,,23530275
2025-09-05 11:04:08.466151+05:30,51.0,,23530275
2025-09-05 11:04:08.917268+05:30,50.75,,23530275
2025-09-05 11:04:09.223048+05:30,50.95,,23530275
2025-09-05 11:04:09.930492+05:30,51.25,,23530275
2025-09-05 11:04:10.170220+05:30,51.3,,23530275
2025-09-05 11:04:10.902363+05:30,51.4,,23530275
2025-09-05 11:04:11.662768+05:30,51.25,,23530275
2025-09-05 11:04:12.391035+05:30,50.65,,23530275
2025-09-05 11:04:12.921049+05:30,50.65,,23530275
2025-09-05 11:04:13.341597+05:30,50.7,,23530275
2025-09-05 11:04:13.904593+05:30,50.75,,23530275
2025-09-05 11:04:14.411728+05:30,50.8,,23530275
2025-09-05 11:04:14.995306+05:30,50.9,,23530275
2025-09-05 11:04:15.664600+05:30,51.05,,23530275
2025-09-05 11:04:16.447362+05:30,51.0,,23530275
2025-09-05 11:04:16.891607+05:30,51.2,,23530275
2025-09-05 11:04:17.390065+05:30,51.05,,23530275
2025-09-05 11:04:17.961396+05:30,51.25,,23530275
2025-09-05 11:04:18.940627+05:30,51.45,,23530275
2025-09-05 11:04:19.169019+05:30,51.4,,23530275
2025-09-05 11:04:19.885211+05:30,51.5,,23530275
2025-09-05 11:04:20.668031+05:30,51.5,,23530275
2025-09-05 11:04:20.928632+05:30,51.5,,23530275
2025-09-05 11:04:21.481510+05:30,51.6,,23530275
2025-09-05 11:04:21.907082+05:30,51.5,,23530275
2025-09-05 11:04:22.401436+05:30,51.75,,23530275
2025-09-05 11:04:22.964205+05:30,51.85,,23530275
2025-09-05 11:04:23.246131+05:30,51.85,,23530275
2025-09-05 11:04:23.911571+05:30,51.85,,23530275
2025-09-05 11:04:24.197768+05:30,51.8,,23530275
2025-09-05 11:04:24.911869+05:30,52.0,,23530275
2025-09-05 11:04:25.912963+05:30,52.2,,23530275
2025-09-05 11:04:26.646802+05:30,52.4,,23530275
2025-09-05 11:04:26.919475+05:30,52.25,,23530275
2025-09-05 11:04:27.435284+05:30,52.35,,23530275
2025-09-05 11:04:27.962107+05:30,52.35,,23530275
2025-09-05 11:04:28.210601+05:30,52.4,,23530275
2025-09-05 11:04:28.889650+05:30,52.3,,23530275
2025-09-05 11:04:29.433250+05:30,52.3,,23530275
2025-09-05 11:04:29.889628+05:30,52.6,,23530275
2025-09-05 11:04:30.682601+05:30,52.6,,23530275
2025-09-05 11:04:30.897916+05:30,56.35,,23530275
2025-09-05 11:04:31.389800+05:30,56.55,,23530275
2025-09-05 11:04:31.928091+05:30,56.1,,23530275
2025-09-05 11:04:32.413508+05:30,55.75,,23530275
2025-09-05 11:04:32.914937+05:30,55.95,,23530275
2025-09-05 11:04:33.272036+05:30,56.2,,23530275
2025-09-05 11:04:33.885947+05:30,56.1,,23530275
2025-09-05 11:04:34.396487+05:30,55.85,,23530275
2025-09-05 11:04:34.921580+05:30,56.05,,23530275
2025-09-05 11:04:36.016048+05:30,55.15,,23530275
2025-09-05 11:04:36.426497+05:30,55.1,,23530275
2025-09-05 11:04:36.896896+05:30,55.25,,23530275
2025-09-05 11:04:37.407515+05:30,55.4,,23530275
2025-09-05 11:04:37.889572+05:30,55.35,,23530275
2025-09-05 11:04:38.145217+05:30,55.3,,23530275
2025-09-05 11:04:38.904347+05:30,55.25,,23530275
2025-09-05 11:04:39.411611+05:30,55.25,,23530275
2025-09-05 11:04:39.942877+05:30,54.95,,23530275
2025-09-05 11:04:40.942100+05:30,55.15,,23530275
2025-09-05 11:04:41.423494+05:30,55.2,,23530275
2025-09-05 11:04:41.913769+05:30,55.15,,23530275
2025-09-05 11:04:42.678600+05:30,55.4,,23530275
2025-09-05 11:04:42.908737+05:30,55.25,,23530275
2025-09-05 11:04:43.139798+05:30,55.2,,23530275
2025-09-05 11:04:43.900349+05:30,55.3,,23530275
2025-09-05 11:04:44.183243+05:30,55.35,,23530275
2025-09-05 11:04:44.653513+05:30,55.15,,23530275
2025-09-05 11:04:44.913257+05:30,55.35,,23530275
2025-09-05 11:04:45.662116+05:30,54.8,,23530275
2025-09-05 11:04:45.987258+05:30,54.8,,23530275
2025-09-05 11:04:46.411832+05:30,55.0,,23530275
2025-09-05 11:04:46.889499+05:30,54.8,,23530275
2025-09-05 11:04:47.453781+05:30,54.8,,23530275
2025-09-05 11:04:47.907991+05:30,54.9,,23530275
2025-09-05 11:04:48.267438+05:30,55.1,,23530275
2025-09-05 11:04:48.915024+05:30,55.0,,23530275
2025-09-05 11:04:49.639648+05:30,55.6,,23530275
2025-09-05 11:04:49.911650+05:30,55.4,,23530275
2025-09-05 11:04:50.661431+05:30,55.3,,23530275
2025-09-05 11:04:50.938965+05:30,55.4,,23530275
2025-09-05 11:04:51.404263+05:30,55.75,,23530275
2025-09-05 11:04:51.889770+05:30,55.55,,23530275
2025-09-05 11:04:52.390593+05:30,55.65,,23530275
2025-09-05 11:04:52.987592+05:30,55.75,,23530275
2025-09-05 11:04:53.954297+05:30,55.9,,23530275
2025-09-05 11:04:54.423640+05:30,56.15,,23530275
2025-09-05 11:04:54.982804+05:30,55.85,,23530275
2025-09-05 11:04:55.639362+05:30,55.85,,23530275
2025-09-05 11:04:55.958881+05:30,55.85,,23530275
2025-09-05 11:04:56.496079+05:30,55.85,,23530275
2025-09-05 11:04:56.941563+05:30,55.6,,23530275
2025-09-05 11:04:57.140623+05:30,55.9,,23530275
2025-09-05 11:04:57.961022+05:30,55.85,,23530275
2025-09-05 11:04:58.906186+05:30,56.0,,23530275
2025-09-05 11:04:59.389414+05:30,56.6,,23530275
2025-09-05 11:04:59.889471+05:30,56.95,,23530275
2025-09-05 11:05:00.501146+05:30,56.95,,23530275
2025-09-05 11:05:00.945621+05:30,56.7,,23530275
2025-09-05 11:05:01.173997+05:30,56.75,,23530275
2025-09-05 11:05:01.896617+05:30,56.35,,23530275
2025-09-05 11:05:02.389327+05:30,56.55,,23530275
2025-09-05 11:05:02.968646+05:30,56.6,,23530275
2025-09-05 11:05:03.997781+05:30,57.15,,23530275
2025-09-05 11:05:04.428048+05:30,57.25,,23530275
2025-09-05 11:05:05.009804+05:30,57.4,,23530275
2025-09-05 11:05:05.389480+05:30,57.5,,23530275
2025-09-05 11:05:05.924097+05:30,57.55,,23530275
2025-09-05 11:05:06.239078+05:30,57.6,,23530275
2025-09-05 11:05:06.929927+05:30,57.5,,23530275
2025-09-05 11:05:07.198890+05:30,57.5,,23530275
2025-09-05 11:05:07.930819+05:30,57.15,,23530275
2025-09-05 11:05:08.889472+05:30,56.4,,23530275
2025-09-05 11:05:09.436198+05:30,56.45,,23530275
2025-09-05 11:05:09.921347+05:30,56.9,,23530275
2025-09-05 11:05:10.639330+05:30,57.4,,23530275
2025-09-05 11:05:10.964991+05:30,57.3,,23530275
2025-09-05 11:05:11.139556+05:30,57.45,,23530275
2025-09-05 11:05:11.897494+05:30,58.05,,23530275
2025-09-05 11:05:12.292253+05:30,57.95,,23530275
2025-09-05 11:05:12.890933+05:30,58.0,,23530275
2025-09-05 11:05:13.960347+05:30,58.05,,23530275
2025-09-05 11:05:14.389432+05:30,58.15,,23530275
2025-09-05 11:05:14.913441+05:30,58.3,,23530275
2025-09-05 11:05:15.457247+05:30,58.25,,23530275
2025-09-05 11:05:15.911279+05:30,58.3,,23530275
2025-09-05 11:05:16.154638+05:30,58.45,,23530275
2025-09-05 11:05:16.916300+05:30,58.0,,23530275
2025-09-05 11:05:17.661594+05:30,57.3,,23530275
2025-09-05 11:05:17.970401+05:30,57.3,,23530275
2025-09-05 11:05:18.919043+05:30,56.65,,23530275
2025-09-05 11:05:19.416605+05:30,57.0,,23530275
2025-09-05 11:05:19.928106+05:30,56.8,,23530275
2025-09-05 11:05:20.639282+05:30,56.8,,23530275
2025-09-05 11:05:20.927652+05:30,56.65,,23530275
2025-09-05 11:05:21.168590+05:30,56.45,,23530275
2025-09-05 11:05:21.950682+05:30,56.15,,23530275
2025-09-05 11:05:22.167731+05:30,56.25,,23530275
2025-09-05 11:05:22.634518+05:30,55.75,,23530275
2025-09-05 11:05:22.954074+05:30,55.95,,23530275
2025-09-05 11:05:23.889445+05:30,55.9,,23530275
2025-09-05 11:05:24.475225+05:30,55.85,,23530275
2025-09-05 11:05:24.926710+05:30,56.0,,23530275
2025-09-05 11:05:25.410820+05:30,56.4,,23530275
2025-09-05 11:05:25.926999+05:30,56.2,,23530275
2025-09-05 11:05:26.167687+05:30,56.2,,23530275
2025-09-05 11:05:26.948324+05:30,56.05,,23530275
2025-09-05 11:05:27.256559+05:30,55.95,,23530275
2025-09-05 11:05:27.663489+05:30,56.0,,23530275
2025-09-05 11:05:27.894525+05:30,56.15,,23530275
2025-09-05 11:05:28.935861+05:30,55.95,,23530275
2025-09-05 11:05:29.187766+05:30,55.95,,23530275
2025-09-05 11:05:29.889397+05:30,55.8,,23530275
2025-09-05 11:05:30.679590+05:30,55.7,,23530275
2025-09-05 11:05:31.005413+05:30,55.4,,23530275
2025-09-05 11:05:31.161486+05:30,55.55,,23530275
2025-09-05 11:05:31.927674+05:30,55.6,,23530275
2025-09-05 11:05:32.139375+05:30,55.6,,23530275
2025-09-05 11:05:32.700051+05:30,55.8,,23530275
2025-09-05 11:05:32.901562+05:30,55.65,,23530275
2025-09-05 11:05:33.899807+05:30,55.85,,23530275
2025-09-05 11:05:34.389386+05:30,56.0,,23530275
2025-09-05 11:05:34.906115+05:30,56.0,,23530275
2025-09-05 11:05:35.635520+05:30,55.9,,23530275
2025-09-05 11:05:36.016845+05:30,56.0,,23530275
2025-09-05 11:05:36.186297+05:30,55.9,,23530275
2025-09-05 11:05:36.910608+05:30,55.85,,23530275
2025-09-05 11:05:37.221890+05:30,55.85,,23530275
2025-09-05 11:05:37.777969+05:30,55.85,,23530275
2025-09-05 11:05:37.937603+05:30,55.75,,23530275
2025-09-05 11:05:38.907248+05:30,55.95,,23530275
2025-09-05 11:05:39.236718+05:30,55.85,,23530275
2025-09-05 11:05:39.948961+05:30,55.8,,23530275
2025-09-05 11:05:40.423542+05:30,55.85,,23530275
2025-09-05 11:05:40.955872+05:30,55.8,,23530275
2025-09-05 11:05:41.889151+05:30,55.4,,23530275
2025-09-05 11:05:42.225277+05:30,55.55,,23530275
2025-09-05 11:05:42.639520+05:30,55.35,,23530275
2025-09-05 11:05:42.890003+05:30,55.35,,23530275
2025-09-05 11:05:43.916804+05:30,55.35,,23530275
2025-09-05 11:05:44.346361+05:30,54.95,,23530275
2025-09-05 11:05:44.889323+05:30,55.15,,23530275
2025-09-05 11:05:45.450837+05:30,55.35,,23530275
2025-09-05 11:05:45.995187+05:30,55.25,,23530275
2025-09-05 11:05:46.965103+05:30,55.55,,23530275
2025-09-05 11:05:47.147604+05:30,55.5,,23530275
2025-09-05 11:05:47.711280+05:30,55.65,,23530275
2025-09-05 11:05:47.923374+05:30,55.5,,23530275
2025-09-05 11:05:48.918475+05:30,55.45,,23530275
2025-09-05 11:05:49.394339+05:30,55.4,,23530275
2025-09-05 11:05:49.907584+05:30,55.15,,23530275
2025-09-05 11:05:50.389219+05:30,54.9,,23530275
2025-09-05 11:05:51.019963+05:30,54.95,,23530275
2025-09-05 11:05:51.889203+05:30,54.8,,23530275
2025-09-05 11:05:52.179849+05:30,54.75,,23530275
2025-09-05 11:05:53.030305+05:30,54.65,,23530275
2025-09-05 11:05:53.696121+05:30,54.55,,23530275
2025-09-05 11:05:53.905885+05:30,54.6,,23530275
2025-09-05 11:05:54.405859+05:30,54.5,,23530275
2025-09-05 11:05:54.917682+05:30,54.5,,23530275
2025-09-05 11:05:55.451281+05:30,54.5,,23530275
2025-09-05 11:05:55.904794+05:30,54.7,,23530275
2025-09-05 11:05:56.916206+05:30,54.45,,23530275
2025-09-05 11:05:57.224158+05:30,54.4,,23530275
2025-09-05 11:05:57.932929+05:30,54.5,,23530275
2025-09-05 11:05:58.705281+05:30,54.35,,23530275
2025-09-05 11:05:58.906851+05:30,54.5,,23530275
2025-09-05 11:05:59.411405+05:30,54.5,,23530275
2025-09-05 11:05:59.902421+05:30,54.65,,23530275
2025-09-05 11:06:00.736896+05:30,54.95,,23530275
2025-09-05 11:06:00.894437+05:30,54.9,,23530275
2025-09-05 11:06:01.917156+05:30,55.15,,23530275
2025-09-05 11:06:02.163040+05:30,55.2,,23530275
2025-09-05 11:06:02.692170+05:30,55.1,,23530275
2025-09-05 11:06:02.943802+05:30,55.0,,23530275
2025-09-05 11:06:03.634287+05:30,55.05,,23530275
2025-09-05 11:06:03.893535+05:30,55.2,,23530275
2025-09-05 11:06:04.496332+05:30,55.15,,23530275
2025-09-05 11:06:04.896453+05:30,54.95,,23530275
2025-09-05 11:06:05.484634+05:30,55.15,,23530275
2025-09-05 11:06:05.943830+05:30,55.1,,23530275
2025-09-05 11:06:06.167877+05:30,55.1,,23530275
2025-09-05 11:06:06.954906+05:30,54.9,,23530275
2025-09-05 11:06:07.168340+05:30,54.9,,23530275
2025-09-05 11:06:07.662824+05:30,54.55,,23530275
2025-09-05 11:06:07.938600+05:30,54.6,,23530275
2025-09-05 11:06:08.697722+05:30,54.5,,23530275
2025-09-05 11:06:08.913041+05:30,54.6,,23530275
2025-09-05 11:06:09.390307+05:30,54.65,,23530275
2025-09-05 11:06:09.889083+05:30,54.45,,23530275
2025-09-05 11:06:10.189306+05:30,54.4,,23530275
2025-09-05 11:06:10.949637+05:30,54.45,,23530275
2025-09-05 11:06:11.976272+05:30,54.65,,23530275
2025-09-05 11:06:12.226819+05:30,54.8,,23530275
2025-09-05 11:06:12.639212+05:30,55.05,,23530275
2025-09-05 11:06:12.932640+05:30,55.05,,23530275
2025-09-05 11:06:13.661341+05:30,55.1,,23530275
2025-09-05 11:06:13.916764+05:30,55.0,,23530275
2025-09-05 11:06:14.389040+05:30,55.15,,23530275
2025-09-05 11:06:14.953865+05:30,55.2,,23530275
2025-09-05 11:06:15.394251+05:30,55.4,,23530275
2025-09-05 11:06:15.986032+05:30,55.45,,23530275
2025-09-05 11:06:16.224401+05:30,55.45,,23530275
2025-09-05 11:06:16.906342+05:30,55.25,,23530275
2025-09-05 11:06:17.638883+05:30,55.15,,23530275
2025-09-05 11:06:17.949701+05:30,55.0,,23530275
2025-09-05 11:06:18.669341+05:30,54.95,,23530275
2025-09-05 11:06:18.891039+05:30,54.95,,23530275
2025-09-05 11:06:19.389098+05:30,54.75,,23530275
2025-09-05 11:06:19.988117+05:30,54.75,,23530275
2025-09-05 11:06:20.270681+05:30,54.75,,23530275
2025-09-05 11:06:20.964353+05:30,54.8,,23530275
2025-09-05 11:06:22.007138+05:30,54.9,,23530275
2025-09-05 11:06:22.488205+05:30,54.95,,23530275
2025-09-05 11:06:22.922758+05:30,54.95,,23530275
2025-09-05 11:06:23.668913+05:30,55.05,,23530275
2025-09-05 11:06:23.927377+05:30,55.2,,23530275
2025-09-05 11:06:24.170398+05:30,55.3,,23530275
2025-09-05 11:06:24.888956+05:30,55.45,,23530275
2025-09-05 11:06:25.139320+05:30,55.6,,23530275
2025-09-05 11:06:25.672595+05:30,55.8,,23530275
2025-09-05 11:06:25.923158+05:30,55.8,,23530275
2025-09-05 11:06:26.910863+05:30,56.65,,23530275
2025-09-05 11:06:27.389077+05:30,56.55,,23530275
2025-09-05 11:06:27.949266+05:30,57.0,,23530275
2025-09-05 11:06:28.643651+05:30,56.65,,23530275
2025-09-05 11:06:28.900431+05:30,56.85,,23530275
2025-09-05 11:06:29.888951+05:30,57.1,,23530275
2025-09-05 11:06:30.140025+05:30,57.05,,23530275
2025-09-05 11:06:30.438203+05:30,57.05,,23530275
2025-09-05 11:06:30.656568+05:30,57.5,,23530275
2025-09-05 11:06:30.932801+05:30,57.45,,23530275
2025-09-05 11:06:31.919640+05:30,57.4,,23530275
2025-09-05 11:06:32.218851+05:30,57.55,,23530275
2025-09-05 11:06:32.907275+05:30,57.2,,23530275
2025-09-05 11:06:33.680401+05:30,56.85,,23530275
2025-09-05 11:06:33.945407+05:30,56.85,,23530275
2025-09-05 11:06:34.164070+05:30,56.85,,23530275
2025-09-05 11:06:34.919623+05:30,56.9,,23530275
2025-09-05 11:06:35.183141+05:30,56.85,,23530275
2025-09-05 11:06:35.638779+05:30,56.9,,23530275
2025-09-05 11:06:35.970845+05:30,57.15,,23530275
2025-09-05 11:06:36.980613+05:30,57.3,,23530275
2025-09-05 11:06:37.156286+05:30,57.45,,23530275
2025-09-05 11:06:37.961029+05:30,56.8,,23530275
2025-09-05 11:06:38.705025+05:30,56.85,,23530275
2025-09-05 11:06:38.889456+05:30,56.85,,23530275
2025-09-05 11:06:39.957786+05:30,56.6,,23530275
2025-09-05 11:06:40.195756+05:30,56.6,,23530275
2025-09-05 11:06:40.661469+05:30,56.65,,23530275
2025-09-05 11:06:40.889279+05:30,56.65,,23530275
2025-09-05 11:06:41.915862+05:30,56.45,,23530275
2025-09-05 11:06:42.187879+05:30,56.4,,23530275
2025-09-05 11:06:42.949338+05:30,56.4,,23530275
2025-09-05 11:06:43.693763+05:30,56.4,,23530275
2025-09-05 11:06:43.912254+05:30,56.6,,23530275
2025-09-05 11:06:44.144357+05:30,56.6,,23530275
2025-09-05 11:06:44.910909+05:30,56.25,,23376450
2025-09-05 11:06:45.441904+05:30,56.3,,23376450
2025-09-05 11:06:45.644351+05:30,56.35,,23376450
2025-09-05 11:06:45.927251+05:30,56.2,,23376450
2025-09-05 11:06:46.912464+05:30,56.3,,23376450
2025-09-05 11:06:47.460604+05:30,56.2,,23376450
2025-09-05 11:06:47.943050+05:30,55.9,,23376450
2025-09-05 11:06:48.405490+05:30,56.0,,23376450
2025-09-05 11:06:48.891468+05:30,55.7,,23376450
2025-09-05 11:06:49.923617+05:30,56.0,,23376450
2025-09-05 11:06:50.388772+05:30,56.0,,23376450
2025-09-05 11:06:50.943264+05:30,55.9,,23376450
2025-09-05 11:06:52.043946+05:30,55.85,,23376450
2025-09-05 11:06:52.187057+05:30,55.9,,23376450
2025-09-05 11:06:52.916081+05:30,56.05,,23376450
2025-09-05 11:06:53.410929+05:30,56.1,,23376450
2025-09-05 11:06:53.915655+05:30,56.2,,23376450
2025-09-05 11:06:54.888875+05:30,56.4,,23376450
2025-09-05 11:06:55.139584+05:30,56.5,,23376450
2025-09-05 11:06:55.479925+05:30,56.35,,23376450
2025-09-05 11:06:55.946125+05:30,56.25,,23376450
2025-09-05 11:06:56.636943+05:30,56.25,,23376450
2025-09-05 11:06:56.966757+05:30,56.1,,23376450
2025-09-05 11:06:57.888809+05:30,56.2,,23376450
2025-09-05 11:06:58.427240+05:30,56.2,,23376450
2025-09-05 11:06:58.888829+05:30,56.15,,23376450
2025-09-05 11:06:59.927463+05:30,55.75,,23376450
2025-09-05 11:07:00.461251+05:30,55.8,,23376450
2025-09-05 11:07:00.638842+05:30,55.8,,23376450
2025-09-05 11:07:00.934978+05:30,55.7,,23376450
2025-09-05 11:07:01.728034+05:30,55.8,,23376450
2025-09-05 11:07:01.959853+05:30,55.9,,23376450
2025-09-05 11:07:02.923519+05:30,55.75,,23376450
2025-09-05 11:07:03.305939+05:30,55.7,,23376450
2025-09-05 11:07:03.406464+05:30,55.8,,23376450
2025-09-05 11:07:03.923926+05:30,55.8,,23376450
2025-09-05 11:07:04.934967+05:30,56.0,,23376450
2025-09-05 11:07:05.182659+05:30,56.0,,23376450
2025-09-05 11:07:05.950268+05:30,56.0,,23376450
2025-09-05 11:07:06.494813+05:30,56.1,,23376450
2025-09-05 11:07:06.638827+05:30,56.1,,23376450
2025-09-05 11:07:06.932123+05:30,56.2,,23376450
2025-09-05 11:07:07.944216+05:30,56.3,,23376450
2025-09-05 11:07:08.250087+05:30,56.3,,23376450
2025-09-05 11:07:08.429309+05:30,56.3,,23376450
2025-09-05 11:07:08.953909+05:30,56.2,,23376450
2025-09-05 11:07:09.676003+05:30,56.25,,23376450
2025-09-05 11:07:09.965036+05:30,56.4,,23376450
2025-09-05 11:07:10.943381+05:30,56.4,,23376450
2025-09-05 11:07:11.135697+05:30,56.5,,23376450
2025-09-05 11:07:11.410567+05:30,56.35,,23376450
2025-09-05 11:07:11.916354+05:30,56.1,,23376450
2025-09-05 11:07:12.937236+05:30,56.35,,23376450
2025-09-05 11:07:13.209405+05:30,56.5,,23376450
2025-09-05 11:07:13.927821+05:30,56.65,,23376450
2025-09-05 11:07:14.736421+05:30,56.75,,23376450
2025-09-05 11:07:14.961186+05:30,56.8,,23376450
2025-09-05 11:07:15.943657+05:30,57.0,,23376450
2025-09-05 11:07:16.250247+05:30,57.05,,23376450
2025-09-05 11:07:16.953351+05:30,57.0,,23376450
2025-09-05 11:07:17.652327+05:30,57.05,,23376450
2025-09-05 11:07:17.963257+05:30,57.0,,23376450
2025-09-05 11:07:18.151471+05:30,57.0,,23376450
2025-09-05 11:07:18.944953+05:30,57.3,,23376450
2025-09-05 11:07:19.236063+05:30,57.15,,23376450
2025-09-05 11:07:19.638751+05:30,57.3,,23376450
2025-09-05 11:07:19.958849+05:30,57.25,,23376450
2025-09-05 11:07:20.888633+05:30,57.15,,23376450
2025-09-05 11:07:21.296128+05:30,57.0,,23376450
2025-09-05 11:07:21.416035+05:30,57.15,,23376450
2025-09-05 11:07:21.910642+05:30,56.65,,23376450
2025-09-05 11:07:22.642297+05:30,56.5,,23376450
2025-09-05 11:07:22.948407+05:30,56.4,,23376450
2025-09-05 11:07:23.138817+05:30,56.55,,23376450
2025-09-05 11:07:23.922654+05:30,56.2,,23376450
2025-09-05 11:07:24.226176+05:30,56.4,,23376450
2025-09-05 11:07:24.917208+05:30,56.4,,23376450
2025-09-05 11:07:25.237617+05:30,56.4,,23376450
2025-09-05 11:07:25.888613+05:30,56.2,,23376450
2025-09-05 11:07:26.232798+05:30,56.35,,23376450
2025-09-05 11:07:26.888745+05:30,56.2,,23376450
2025-09-05 11:07:27.480543+05:30,56.2,,23376450
2025-09-05 11:07:27.888608+05:30,56.4,,23376450
2025-09-05 11:07:28.927929+05:30,56.3,,23376450
2025-09-05 11:07:29.458837+05:30,56.6,,23376450
2025-09-05 11:07:29.987555+05:30,56.65,,23376450
2025-09-05 11:07:30.439951+05:30,56.65,,23376450
2025-09-05 11:07:30.700856+05:30,56.75,,23376450
2025-09-05 11:07:30.988061+05:30,56.5,,23376450
2025-09-05 11:07:31.198649+05:30,56.4,,23376450
2025-09-05 11:07:31.961471+05:30,55.7,,23376450
2025-09-05 11:07:32.233136+05:30,55.6,,23376450
2025-09-05 11:07:32.703389+05:30,55.65,,23376450
2025-09-05 11:07:32.913922+05:30,55.4,,23376450
2025-09-05 11:07:33.170784+05:30,55.5,,23376450
2025-09-05 11:07:33.943358+05:30,55.5,,23376450
2025-09-05 11:07:34.165746+05:30,55.4,,23376450
2025-09-05 11:07:34.443093+05:30,55.05,,23376450
2025-09-05 11:07:34.886537+05:30,54.9,,23376450
2025-09-05 11:07:35.752161+05:30,54.95,,23376450
2025-09-05 11:07:35.943769+05:30,55.2,,23376450
2025-09-05 11:07:36.161637+05:30,55.05,,23376450
2025-09-05 11:07:36.943855+05:30,55.25,,23376450
2025-09-05 11:07:37.468830+05:30,55.5,,23376450
2025-09-05 11:07:37.732921+05:30,55.4,,23376450
2025-09-05 11:07:37.906186+05:30,55.35,,23376450
2025-09-05 11:07:38.883611+05:30,55.65,,23376450
2025-09-05 11:07:39.138563+05:30,55.55,,23376450
2025-09-05 11:07:39.888918+05:30,55.85,,23376450
2025-09-05 11:07:40.639407+05:30,55.8,,23376450
2025-09-05 11:07:40.960313+05:30,55.65,,23376450
2025-09-05 11:07:41.998886+05:30,55.75,,23376450
2025-09-05 11:07:42.501668+05:30,55.75,,23376450
2025-09-05 11:07:42.655345+05:30,55.75,,23376450
2025-09-05 11:07:42.927847+05:30,55.7,,23376450
2025-09-05 11:07:43.888457+05:30,55.5,,23376450
2025-09-05 11:07:44.216689+05:30,55.5,,23376450
2025-09-05 11:07:44.414984+05:30,55.55,,23376450
2025-09-05 11:07:44.927415+05:30,55.45,,23376450
2025-09-05 11:07:45.410680+05:30,55.5,,23376450
2025-09-05 11:07:45.963920+05:30,55.55,,23376450
2025-09-05 11:07:46.152998+05:30,55.55,,23376450
2025-09-05 11:07:46.999924+05:30,55.65,,23376450
2025-09-05 11:07:47.171875+05:30,55.7,,23376450
2025-09-05 11:07:47.482412+05:30,55.75,,23376450
2025-09-05 11:07:47.948837+05:30,55.75,,23376450
2025-09-05 11:07:48.669942+05:30,55.6,,23376450
2025-09-05 11:07:48.889125+05:30,55.4,,23376450
2025-09-05 11:07:49.250143+05:30,55.4,,23376450
2025-09-05 11:07:49.971404+05:30,55.5,,23376450
2025-09-05 11:07:50.144372+05:30,55.4,,23376450
2025-09-05 11:07:50.954703+05:30,55.05,,23376450
2025-09-05 11:07:51.981599+05:30,54.95,,23376450
2025-09-05 11:07:52.138658+05:30,54.85,,23376450
2025-09-05 11:07:52.453326+05:30,54.85,,23376450
2025-09-05 11:07:52.931755+05:30,54.7,,23376450
2025-09-05 11:07:53.638291+05:30,54.7,,23376450
2025-09-05 11:07:53.967623+05:30,54.65,,23376450
2025-09-05 11:07:54.192702+05:30,54.85,,23376450
2025-09-05 11:07:54.972715+05:30,55.05,,23376450
2025-09-05 11:07:55.388565+05:30,55.25,,23376450
2025-09-05 11:07:55.922288+05:30,55.25,,23376450
2025-09-05 11:07:56.971450+05:30,55.1,,23376450
2025-09-05 11:07:57.656972+05:30,55.25,,23376450
2025-09-05 11:07:57.942853+05:30,55.4,,23376450
2025-09-05 11:07:58.388519+05:30,55.3,,23376450
2025-09-05 11:07:58.960527+05:30,55.25,,23376450
2025-09-05 11:07:59.280507+05:30,55.4,,23376450
2025-09-05 11:07:59.926424+05:30,55.25,,23376450
2025-09-05 11:08:00.228640+05:30,55.25,,23376450
2025-09-05 11:08:00.487761+05:30,55.5,,23376450
2025-09-05 11:08:00.940095+05:30,55.1,,23376450
2025-09-05 11:08:01.692853+05:30,53.9,,23376450
2025-09-05 11:08:01.910918+05:30,54.1,,23376450
2025-09-05 11:08:02.466714+05:30,54.2,,23376450
2025-09-05 11:08:02.958280+05:30,54.1,,23376450
2025-09-05 11:08:03.634330+05:30,54.0,,23376450
2025-09-05 11:08:04.177261+05:30,52.9,,23376450
2025-09-05 11:08:04.388484+05:30,52.9,,23376450
2025-09-05 11:08:04.911565+05:30,52.95,,23376450
2025-09-05 11:08:05.210950+05:30,53.1,,23376450
2025-09-05 11:08:05.690812+05:30,52.95,,23376450
2025-09-05 11:08:05.958306+05:30,53.05,,23376450
2025-09-05 11:08:06.663075+05:30,53.0,,23376450
2025-09-05 11:08:06.910318+05:30,52.8,,23376450
2025-09-05 11:08:07.225363+05:30,52.75,,23376450
2025-09-05 11:08:07.383541+05:30,52.65,,23376450
2025-09-05 11:08:07.944270+05:30,52.85,,23376450
2025-09-05 11:08:08.151472+05:30,52.85,,23376450
2025-09-05 11:08:08.516262+05:30,53.0,,23376450
2025-09-05 11:08:08.904752+05:30,52.8,,23376450
2025-09-05 11:08:09.900785+05:30,52.85,,23376450
2025-09-05 11:08:10.138436+05:30,52.8,,23376450
2025-09-05 11:08:10.699306+05:30,53.1,,23376450
2025-09-05 11:08:10.905809+05:30,53.1,,23376450
2025-09-05 11:08:11.638474+05:30,53.15,,23376450
2025-09-05 11:08:11.928528+05:30,53.25,,23376450
2025-09-05 11:08:12.240183+05:30,53.05,,23376450
2025-09-05 11:08:12.888248+05:30,53.1,,23376450
2025-09-05 11:08:13.219760+05:30,53.1,,23376450
2025-09-05 11:08:13.888265+05:30,52.95,,23376450
2025-09-05 11:08:14.888390+05:30,53.35,,23376450
2025-09-05 11:08:15.232813+05:30,53.2,,23376450
2025-09-05 11:08:15.677290+05:30,53.3,,23376450
2025-09-05 11:08:15.902156+05:30,53.3,,23376450
2025-09-05 11:08:16.211533+05:30,53.3,,23376450
2025-09-05 11:08:16.388509+05:30,53.3,,23376450
2025-09-05 11:08:16.915412+05:30,53.25,,23376450
2025-09-05 11:08:17.138289+05:30,53.3,,23376450
2025-09-05 11:08:17.888292+05:30,53.25,,23376450
2025-09-05 11:08:18.215173+05:30,53.2,,23376450
2025-09-05 11:08:18.936676+05:30,53.3,,23376450
2025-09-05 11:08:19.905159+05:30,53.1,,23376450
2025-09-05 11:08:20.138534+05:30,53.2,,23376450
2025-09-05 11:08:20.393528+05:30,53.05,,23376450
2025-09-05 11:08:21.230301+05:30,53.1,,23376450
2025-09-05 11:08:21.409870+05:30,53.2,,23376450
2025-09-05 11:08:21.888323+05:30,53.15,,23376450
2025-09-05 11:08:22.219162+05:30,53.15,,23376450
2025-09-05 11:08:22.959200+05:30,52.95,,23376450
2025-09-05 11:08:23.274690+05:30,53.1,,23376450
2025-09-05 11:08:23.888244+05:30,53.1,,23376450
2025-09-05 11:08:24.206096+05:30,53.1,,23376450
2025-09-05 11:08:24.931833+05:30,52.55,,23376450
2025-09-05 11:08:25.477228+05:30,52.55,,23376450
2025-09-05 11:08:25.888291+05:30,52.8,,23376450
2025-09-05 11:08:26.190757+05:30,52.8,,23376450
2025-09-05 11:08:26.436839+05:30,52.75,,23376450
2025-09-05 11:08:27.184285+05:30,52.65,,23376450
2025-09-05 11:08:27.426666+05:30,52.6,,23376450
2025-09-05 11:08:28.205916+05:30,52.95,,23376450
2025-09-05 11:08:28.888488+05:30,53.05,,23376450
2025-09-05 11:08:29.201172+05:30,52.9,,23376450
2025-09-05 11:08:29.883374+05:30,52.95,,23376450
2025-09-05 11:08:30.383848+05:30,53.05,,23376450
2025-09-05 11:08:31.210333+05:30,52.85,,23376450
2025-09-05 11:08:31.643209+05:30,52.95,,23376450
2025-09-05 11:08:32.252069+05:30,52.85,,23376450
2025-09-05 11:08:33.183783+05:30,52.55,,23376450
2025-09-05 11:08:33.388425+05:30,52.8,,23376450
2025-09-05 11:08:33.910377+05:30,52.65,,23376450
2025-09-05 11:08:34.232376+05:30,52.65,,23376450
2025-09-05 11:08:35.190071+05:30,52.5,,23376450
2025-09-05 11:08:35.645222+05:30,52.65,,23376450
2025-09-05 11:08:36.138273+05:30,52.5,,23376450
2025-09-05 11:08:36.663736+05:30,52.6,,23376450
2025-09-05 11:08:37.192589+05:30,52.45,,23376450
2025-09-05 11:08:38.217544+05:30,52.55,,23376450
2025-09-05 11:08:38.915795+05:30,52.45,,23376450
2025-09-05 11:08:39.198556+05:30,52.55,,23376450
2025-09-05 11:08:40.165238+05:30,52.85,,23376450
2025-09-05 11:08:40.439628+05:30,52.85,,23376450
2025-09-05 11:08:41.133657+05:30,52.85,,23376450
2025-09-05 11:08:41.638185+05:30,52.6,,23376450
2025-09-05 11:08:42.223117+05:30,52.75,,23376450
2025-09-05 11:08:43.275579+05:30,52.55,,23376450
2025-09-05 11:08:43.689885+05:30,52.65,,23376450
2025-09-05 11:08:44.323993+05:30,52.75,,23376450
2025-09-05 11:08:44.903511+05:30,52.65,,23376450
2025-09-05 11:08:45.214281+05:30,52.65,,23376450
2025-09-05 11:08:45.448344+05:30,52.65,,23376450
2025-09-05 11:08:46.201234+05:30,53.25,,23376450
2025-09-05 11:08:46.660376+05:30,53.35,,23376450
2025-09-05 11:08:47.251234+05:30,53.45,,23376450
2025-09-05 11:08:48.167107+05:30,53.45,,23376450
2025-09-05 11:08:48.404128+05:30,53.5,,23376450
2025-09-05 11:08:48.639998+05:30,53.5,,23376450
2025-09-05 11:08:49.204616+05:30,53.7,,23376450
2025-09-05 11:08:49.898250+05:30,53.6,,23376450
2025-09-05 11:08:50.236954+05:30,53.8,,23376450
2025-09-05 11:08:51.225224+05:30,53.8,,23376450
2025-09-05 11:08:51.921532+05:30,53.9,,23376450
2025-09-05 11:08:52.138180+05:30,53.95,,23376450
2025-09-05 11:08:53.209272+05:30,54.0,,23376450
2025-09-05 11:08:53.682824+05:30,54.25,,23376450
2025-09-05 11:08:54.247516+05:30,54.3,,23376450
2025-09-05 11:08:54.904721+05:30,54.35,,23376450
2025-09-05 11:08:55.201129+05:30,54.2,,23376450
2025-09-05 11:08:56.210790+05:30,54.3,,23376450
2025-09-05 11:08:56.638128+05:30,54.3,,23376450
2025-09-05 11:08:57.180621+05:30,54.3,,23376450
2025-09-05 11:08:58.299001+05:30,54.35,,23376450
2025-09-05 11:08:58.686829+05:30,54.35,,23376450
2025-09-05 11:08:59.274600+05:30,54.6,,23376450
2025-09-05 11:08:59.909848+05:30,54.65,,23376450
2025-09-05 11:09:00.237289+05:30,54.5,,23376450
2025-09-05 11:09:00.426350+05:30,54.55,,23376450
2025-09-05 11:09:01.223973+05:30,54.7,,23376450
2025-09-05 11:09:01.638118+05:30,54.7,,23376450
2025-09-05 11:09:02.190841+05:30,54.75,,23376450
2025-09-05 11:09:03.249492+05:30,54.8,,23376450
2025-09-05 11:09:03.696884+05:30,54.75,,23376450
2025-09-05 11:09:04.160321+05:30,54.8,,23376450
2025-09-05 11:09:04.904858+05:30,54.75,,23376450
2025-09-05 11:09:05.503799+05:30,54.8,,23376450
2025-09-05 11:09:06.196609+05:30,54.65,,23376450
2025-09-05 11:09:06.638078+05:30,54.4,,23376450
2025-09-05 11:09:06.892210+05:30,54.45,,23376450
2025-09-05 11:09:08.260090+05:30,54.6,,23376450
2025-09-05 11:09:08.690097+05:30,54.65,,23376450
2025-09-05 11:09:09.138344+05:30,54.75,,23376450
2025-09-05 11:09:09.887980+05:30,54.7,,23376450
2025-09-05 11:09:10.459695+05:30,54.45,,23376450
2025-09-05 11:09:11.251462+05:30,54.4,,23376450
2025-09-05 11:09:11.637907+05:30,54.65,,23376450
2025-09-05 11:09:11.915139+05:30,54.55,,23376450
2025-09-05 11:09:12.253238+05:30,54.65,,23376450
2025-09-05 11:09:13.297052+05:30,54.45,,23376450
2025-09-05 11:09:13.415497+05:30,54.45,,23376450
2025-09-05 11:09:13.681741+05:30,54.45,,23376450
2025-09-05 11:09:14.204027+05:30,54.45,,23376450
2025-09-05 11:09:14.883093+05:30,54.65,,23376450
2025-09-05 11:09:15.224250+05:30,54.2,,23376450
2025-09-05 11:09:16.257434+05:30,54.1,,23376450
2025-09-05 11:09:16.452652+05:30,53.8,,23376450
2025-09-05 11:09:16.919286+05:30,53.6,,23376450
2025-09-05 11:09:17.192792+05:30,53.7,,23376450
2025-09-05 11:09:18.252936+05:30,53.15,,23376450
2025-09-05 11:09:18.393301+05:30,52.75,,23376450
2025-09-05 11:09:19.154834+05:30,52.9,,23376450
2025-09-05 11:09:19.659790+05:30,52.55,,23376450
2025-09-05 11:09:20.203633+05:30,52.45,,23376450
2025-09-05 11:09:21.158789+05:30,52.3,,23376450
2025-09-05 11:09:21.388064+05:30,52.2,,23376450
2025-09-05 11:09:21.931409+05:30,51.9,,23376450
2025-09-05 11:09:22.182927+05:30,52.15,,23376450
2025-09-05 11:09:23.207288+05:30,52.3,,23376450
2025-09-05 11:09:23.654543+05:30,52.3,,23376450
2025-09-05 11:09:24.219271+05:30,52.2,,23376450
2025-09-05 11:09:24.638464+05:30,52.2,,23376450
2025-09-05 11:09:25.170545+05:30,52.55,,23376450
2025-09-05 11:09:26.138035+05:30,52.4,,23376450
2025-09-05 11:09:26.460129+05:30,52.3,,23376450
2025-09-05 11:09:26.904764+05:30,52.35,,23376450
2025-09-05 11:09:27.138679+05:30,52.35,,23376450
2025-09-05 11:09:28.220182+05:30,52.1,,23376450
2025-09-05 11:09:28.437718+05:30,51.9,,23376450
2025-09-05 11:09:29.137935+05:30,52.2,,23376450
2025-09-05 11:09:29.909894+05:30,52.25,,23376450
2025-09-05 11:09:30.227483+05:30,52.3,,23376450
2025-09-05 11:09:30.407152+05:30,52.3,,23376450
2025-09-05 11:09:31.169825+05:30,52.45,,23376450
2025-09-05 11:09:31.645523+05:30,52.45,,23376450
2025-09-05 11:09:31.893330+05:30,52.55,,23376450
2025-09-05 11:09:32.223021+05:30,52.55,,23376450
2025-09-05 11:09:33.192111+05:30,52.85,,23376450
2025-09-05 11:09:33.654885+05:30,52.65,,23376450
2025-09-05 11:09:34.224209+05:30,52.8,,23376450
2025-09-05 11:09:34.660057+05:30,52.9,,23376450
2025-09-05 11:09:35.137889+05:30,53.0,,23376450
2025-09-05 11:09:36.166456+05:30,53.0,,23376450
2025-09-05 11:09:36.409763+05:30,53.1,,23376450
2025-09-05 11:09:36.885087+05:30,53.15,,23376450
2025-09-05 11:09:37.138036+05:30,53.1,,23376450
2025-09-05 11:09:38.183176+05:30,52.75,,23376450
2025-09-05 11:09:38.516122+05:30,52.7,,23376450
2025-09-05 11:09:39.145950+05:30,52.5,,23376450
2025-09-05 11:09:39.681871+05:30,52.6,,23376450
2025-09-05 11:09:40.137897+05:30,52.75,,23376450
2025-09-05 11:09:41.133323+05:30,52.6,,23376450
2025-09-05 11:09:41.659681+05:30,52.6,,23376450
2025-09-05 11:09:42.275759+05:30,52.55,,23376450
2025-09-05 11:09:42.912233+05:30,52.6,,23376450
2025-09-05 11:09:43.214714+05:30,52.5,,23376450
2025-09-05 11:09:43.508387+05:30,52.6,,23376450
2025-09-05 11:09:44.222818+05:30,52.55,,23376450
2025-09-05 11:09:44.426761+05:30,52.3,,23376450
2025-09-05 11:09:44.939117+05:30,52.4,,23376450
2025-09-05 11:09:45.157372+05:30,52.4,,23425575
2025-09-05 11:09:46.191672+05:30,52.3,,23425575
2025-09-05 11:09:46.637821+05:30,52.2,,23425575
2025-09-05 11:09:47.174326+05:30,52.0,,23425575
2025-09-05 11:09:47.909535+05:30,52.0,,23425575
2025-09-05 11:09:48.171902+05:30,52.25,,23425575
2025-09-05 11:09:49.142545+05:30,51.95,,23425575
2025-09-05 11:09:49.499396+05:30,52.1,,23425575
2025-09-05 11:09:49.927229+05:30,52.0,,23425575
2025-09-05 11:09:50.137715+05:30,52.15,,23425575
2025-09-05 11:09:51.195551+05:30,51.75,,23425575
2025-09-05 11:09:51.640240+05:30,51.75,,23425575
2025-09-05 11:09:52.227152+05:30,51.55,,23425575
2025-09-05 11:09:52.887743+05:30,51.3,,23425575
2025-09-05 11:09:53.180140+05:30,51.3,,23425575
2025-09-05 11:09:53.410672+05:30,51.4,,23425575
2025-09-05 11:09:54.234326+05:30,50.8,,23425575
2025-09-05 11:09:54.537247+05:30,50.85,,23425575
2025-09-05 11:09:54.910286+05:30,51.05,,23425575
2025-09-05 11:09:55.158171+05:30,50.95,,23425575
2025-09-05 11:09:56.167572+05:30,50.85,,23425575
2025-09-05 11:09:56.485189+05:30,51.1,,23425575
2025-09-05 11:09:57.279076+05:30,51.15,,23425575
2025-09-05 11:09:57.901431+05:30,51.35,,23425575
2025-09-05 11:09:58.225001+05:30,51.15,,23425575
2025-09-05 11:09:58.443359+05:30,51.15,,23425575
2025-09-05 11:09:59.165348+05:30,51.35,,23425575
2025-09-05 11:09:59.434998+05:30,51.2,,23425575
2025-09-05 11:09:59.887582+05:30,51.35,,23425575
2025-09-05 11:10:00.185555+05:30,51.25,,23425575
2025-09-05 11:10:00.417659+05:30,51.25,,23425575
2025-09-05 11:10:01.183987+05:30,51.4,,23425575
2025-09-05 11:10:01.416055+05:30,51.25,,23425575
2025-09-05 11:10:02.196908+05:30,51.45,,23425575
2025-09-05 11:10:02.895429+05:30,51.6,,23425575
2025-09-05 11:10:03.137689+05:30,51.6,,23425575
2025-09-05 11:10:03.420701+05:30,51.5,,23425575
2025-09-05 11:10:04.170841+05:30,51.6,,23425575
2025-09-05 11:10:04.452722+05:30,51.35,,23425575
2025-09-05 11:10:04.906335+05:30,51.45,,23425575
2025-09-05 11:10:05.193395+05:30,51.45,,23425575
2025-09-05 11:10:06.137699+05:30,51.6,,23425575
2025-09-05 11:10:06.715166+05:30,51.55,,23425575
2025-09-05 11:10:07.155310+05:30,51.5,,23425575
2025-09-05 11:10:07.638347+05:30,51.0,,23425575
2025-09-05 11:10:08.186406+05:30,50.9,,23425575
2025-09-05 11:10:09.148897+05:30,50.65,,23425575
2025-09-05 11:10:10.188109+05:30,50.6,,23425575
2025-09-05 11:10:11.214909+05:30,50.45,,23425575
2025-09-05 11:10:11.684278+05:30,50.6,,23425575
2025-09-05 11:10:12.251748+05:30,50.35,,23425575
2025-09-05 11:10:12.686152+05:30,50.45,,23425575
2025-09-05 11:10:13.146001+05:30,50.4,,23425575
2025-09-05 11:10:14.181406+05:30,50.8,,23425575
2025-09-05 11:10:14.452746+05:30,50.95,,23425575
2025-09-05 11:10:15.205567+05:30,50.7,,23425575
2025-09-05 11:10:15.887604+05:30,50.6,,23425575
2025-09-05 11:10:16.210198+05:30,50.95,,23425575
2025-09-05 11:10:16.669669+05:30,50.85,,23425575
2025-09-05 11:10:17.154474+05:30,50.75,,23425575
2025-09-05 11:10:17.512191+05:30,50.65,,23425575
2025-09-05 11:10:18.159903+05:30,50.55,,23425575
2025-09-05 11:10:19.156262+05:30,50.6,,23425575
2025-09-05 11:10:19.946520+05:30,50.5,,23425575
2025-09-05 11:10:20.134420+05:30,50.6,,23425575
2025-09-05 11:10:20.904366+05:30,50.9,,23425575
2025-09-05 11:10:21.203935+05:30,50.7,,23425575
2025-09-05 11:10:21.637981+05:30,50.7,,23425575
2025-09-05 11:10:22.179295+05:30,51.1,,23425575
2025-09-05 11:10:22.528967+05:30,51.1,,23425575
2025-09-05 11:10:23.277521+05:30,51.05,,23425575
2025-09-05 11:10:24.244234+05:30,51.0,,23425575
2025-09-05 11:10:24.947713+05:30,50.9,,23425575
2025-09-05 11:10:25.231894+05:30,50.95,,23425575
2025-09-05 11:10:25.931041+05:30,51.05,,23425575
2025-09-05 11:10:26.149735+05:30,51.05,,23425575
2025-09-05 11:10:26.637568+05:30,50.75,,23425575
2025-09-05 11:10:27.241413+05:30,50.9,,23425575
2025-09-05 11:10:27.447422+05:30,50.9,,23425575
2025-09-05 11:10:28.137608+05:30,50.75,,23425575
2025-09-05 11:10:29.203983+05:30,50.9,,23425575
2025-09-05 11:10:29.937612+05:30,51.1,,23425575
2025-09-05 11:10:30.182874+05:30,51.1,,23425575
2025-09-05 11:10:30.689423+05:30,51.0,,23425575
2025-09-05 11:10:31.406235+05:30,51.05,,23425575
2025-09-05 11:10:31.887529+05:30,51.1,,23425575
2025-09-05 11:10:33.638443+05:30,51.5,,23425575
2025-09-05 11:10:35.137512+05:30,51.3,,23425575
2025-09-05 11:10:37.154250+05:30,51.7,,23425575
2025-09-05 11:10:37.421457+05:30,51.55,,23425575
2025-09-05 11:10:38.138888+05:30,51.8,,23425575
2025-09-05 11:10:39.164853+05:30,51.65,,23425575
2025-09-05 11:10:39.887568+05:30,51.55,,23425575
2025-09-05 11:10:40.162146+05:30,51.55,,23425575
2025-09-05 11:10:40.916151+05:30,51.9,,23425575
2025-09-05 11:10:41.210229+05:30,51.85,,23425575
2025-09-05 11:10:41.545596+05:30,51.55,,23425575
2025-09-05 11:10:42.137517+05:30,51.7,,23425575
2025-09-05 11:10:42.437433+05:30,51.9,,23425575
2025-09-05 11:10:43.216042+05:30,52.0,,23425575
2025-09-05 11:10:44.149444+05:30,52.05,,23425575
2025-09-05 11:10:44.950299+05:30,52.0,,23425575
2025-09-05 11:10:45.183482+05:30,52.0,,23425575
2025-09-05 11:10:45.899118+05:30,52.25,,23425575
2025-09-05 11:10:46.196568+05:30,52.25,,23425575
2025-09-05 11:10:46.517590+05:30,52.25,,23425575
2025-09-05 11:10:47.226302+05:30,51.85,,23425575
2025-09-05 11:10:47.683386+05:30,51.95,,23425575
2025-09-05 11:10:48.201525+05:30,51.8,,23425575
2025-09-05 11:10:49.217925+05:30,51.65,,23425575
2025-09-05 11:10:49.637515+05:30,51.95,,23425575
2025-09-05 11:10:50.140517+05:30,52.05,,23425575
2025-09-05 11:10:50.687536+05:30,51.85,,23425575
2025-09-05 11:10:51.167284+05:30,52.05,,23425575
2025-09-05 11:10:52.238920+05:30,52.05,,23425575
2025-09-05 11:10:52.434509+05:30,52.05,,23425575
2025-09-05 11:10:53.188288+05:30,52.05,,23425575
2025-09-05 11:10:53.901411+05:30,51.7,,23425575
2025-09-05 11:10:54.187146+05:30,51.65,,23425575
2025-09-05 11:10:54.665663+05:30,51.85,,23425575
2025-09-05 11:10:55.236388+05:30,51.8,,23425575
2025-09-05 11:10:55.501864+05:30,52.1,,23425575
2025-09-05 11:10:56.183505+05:30,52.15,,23425575
2025-09-05 11:10:57.220492+05:30,53.1,,23425575
2025-09-05 11:10:57.405536+05:30,53.1,,23425575
2025-09-05 11:10:57.904024+05:30,53.1,,23425575
2025-09-05 11:10:58.245754+05:30,53.0,,23425575
2025-09-05 11:10:58.904453+05:30,52.8,,23425575
2025-09-05 11:10:59.222160+05:30,52.8,,23425575
2025-09-05 11:10:59.649356+05:30,52.45,,23425575
2025-09-05 11:11:00.198351+05:30,52.3,,23425575
2025-09-05 11:11:00.637455+05:30,52.25,,23425575
2025-09-05 11:11:01.191419+05:30,52.1,,23425575
2025-09-05 11:11:01.387479+05:30,52.2,,23425575
2025-09-05 11:11:02.182165+05:30,52.5,,23425575
2025-09-05 11:11:02.454632+05:30,52.5,,23425575
2025-09-05 11:11:02.940920+05:30,52.45,,23425575
2025-09-05 11:11:03.213196+05:30,52.35,,23425575
2025-09-05 11:11:03.914842+05:30,52.45,,23425575
2025-09-05 11:11:04.170778+05:30,52.3,,23425575
2025-09-05 11:11:04.683241+05:30,52.35,,23425575
2025-09-05 11:11:05.236677+05:30,52.5,,23425575
2025-09-05 11:11:05.409376+05:30,52.45,,23425575
2025-09-05 11:11:06.243629+05:30,52.2,,23425575
2025-09-05 11:11:07.161607+05:30,52.3,,23425575
2025-09-05 11:11:07.942155+05:30,52.05,,23425575
2025-09-05 11:11:08.204661+05:30,52.1,,23425575
2025-09-05 11:11:08.676902+05:30,52.1,,23425575
2025-09-05 11:11:09.242824+05:30,51.75,,23425575
2025-09-05 11:11:09.694090+05:30,51.95,,23425575
2025-09-05 11:11:10.147376+05:30,52.0,,23425575
2025-09-05 11:11:10.411124+05:30,52.05,,23425575
2025-09-05 11:11:11.171478+05:30,51.9,,23425575
2025-09-05 11:11:12.137276+05:30,52.1,,23425575
2025-09-05 11:11:12.905112+05:30,52.2,,23425575
2025-09-05 11:11:13.137303+05:30,52.25,,23425575
2025-09-05 11:11:13.672152+05:30,52.45,,23425575
2025-09-05 11:11:14.192902+05:30,52.3,,23425575
2025-09-05 11:11:14.638522+05:30,52.35,,23425575
2025-09-05 11:11:15.182988+05:30,52.3,,23425575
2025-09-05 11:11:15.455319+05:30,52.5,,23425575
2025-09-05 11:11:16.137298+05:30,52.45,,23425575
2025-09-05 11:11:17.170697+05:30,52.55,,23425575
2025-09-05 11:11:17.654063+05:30,52.55,,23425575
2025-09-05 11:11:18.244145+05:30,52.45,,23425575
2025-09-05 11:11:18.687737+05:30,52.45,,23425575
2025-09-05 11:11:19.137350+05:30,52.6,,23425575
2025-09-05 11:11:19.525718+05:30,52.45,,23425575
2025-09-05 11:11:20.137382+05:30,52.35,,23425575
2025-09-05 11:11:20.637312+05:30,52.45,,23425575
2025-09-05 11:11:21.204492+05:30,52.3,,23425575
2025-09-05 11:11:22.177937+05:30,52.3,,23425575
2025-09-05 11:11:22.658973+05:30,52.3,,23425575
2025-09-05 11:11:23.211243+05:30,52.3,,23425575
2025-09-05 11:11:23.637435+05:30,52.3,,23425575
2025-09-05 11:11:24.137150+05:30,52.25,,23425575
2025-09-05 11:11:25.226907+05:30,52.1,,23425575
2025-09-05 11:11:25.888467+05:30,52.3,,23425575
2025-09-05 11:11:26.147973+05:30,52.3,,23425575
2025-09-05 11:11:26.887168+05:30,52.25,,23425575
2025-09-05 11:11:27.228269+05:30,52.3,,23425575
2025-09-05 11:11:27.455420+05:30,52.1,,23425575
2025-09-05 11:11:28.241538+05:30,51.95,,23425575
2025-09-05 11:11:28.504281+05:30,52.0,,23425575
2025-09-05 11:11:29.197790+05:30,52.2,,23425575
2025-09-05 11:11:30.155496+05:30,52.05,,23425575
2025-09-05 11:11:30.387565+05:30,52.05,,23425575
2025-09-05 11:11:30.659714+05:30,52.1,,23425575
2025-09-05 11:11:31.226852+05:30,52.1,,23425575
2025-09-05 11:11:31.687916+05:30,52.1,,23425575
2025-09-05 11:11:32.137267+05:30,52.1,,23425575
2025-09-05 11:11:32.387331+05:30,52.2,,23425575
2025-09-05 11:11:33.154655+05:30,52.3,,23425575
2025-09-05 11:11:33.889929+05:30,52.3,,23425575
2025-09-05 11:11:34.160156+05:30,52.4,,23425575
2025-09-05 11:11:34.925173+05:30,52.45,,23425575
2025-09-05 11:11:35.200984+05:30,52.35,,23425575
2025-09-05 11:11:35.688561+05:30,52.45,,23425575
2025-09-05 11:11:36.137172+05:30,52.2,,23425575
2025-09-05 11:11:36.452457+05:30,52.5,,23425575
2025-09-05 11:11:37.182300+05:30,52.4,,23425575
2025-09-05 11:11:37.387350+05:30,52.25,,23425575
2025-09-05 11:11:38.207754+05:30,52.3,,23425575
2025-09-05 11:11:38.947731+05:30,52.3,,23425575
2025-09-05 11:11:39.158233+05:30,52.3,,23425575
2025-09-05 11:11:39.930462+05:30,52.35,,23425575
2025-09-05 11:11:40.159124+05:30,52.4,,23425575
2025-09-05 11:11:40.403890+05:30,52.4,,23425575
2025-09-05 11:11:41.137152+05:30,52.3,,23425575
2025-09-05 11:11:41.649888+05:30,52.45,,23425575
2025-09-05 11:11:42.182921+05:30,52.4,,23425575
2025-09-05 11:11:43.132487+05:30,52.35,,23425575
2025-09-05 11:11:43.639490+05:30,52.2,,23425575
2025-09-05 11:11:44.246181+05:30,52.2,,23425575
2025-09-05 11:11:44.494940+05:30,52.25,,23425575
2025-09-05 11:11:45.186615+05:30,52.4,,23425575
2025-09-05 11:11:46.137128+05:30,52.4,,23425575
2025-09-05 11:11:46.688403+05:30,52.5,,23425575
2025-09-05 11:11:47.167709+05:30,52.35,,23425575
2025-09-05 11:11:47.688197+05:30,53.2,,23425575
2025-09-05 11:11:48.148953+05:30,53.25,,23425575
2025-09-05 11:11:48.407524+05:30,53.15,,23425575
2025-09-05 11:11:49.132169+05:30,53.0,,23425575
2025-09-05 11:11:49.682106+05:30,53.25,,23425575
2025-09-05 11:11:50.245846+05:30,53.25,,23425575
2025-09-05 11:11:51.154664+05:30,53.45,,23425575
2025-09-05 11:11:51.694832+05:30,53.35,,23425575
2025-09-05 11:11:52.192141+05:30,53.3,,23425575
2025-09-05 11:11:52.668131+05:30,53.5,,23425575
2025-09-05 11:11:53.137149+05:30,53.15,,23425575
2025-09-05 11:11:53.720946+05:30,53.15,,23425575
2025-09-05 11:11:54.160096+05:30,53.45,,23425575
2025-09-05 11:11:54.392379+05:30,53.5,,23425575
2025-09-05 11:11:55.215533+05:30,53.5,,23425575
2025-09-05 11:11:56.137255+05:30,53.3,,23425575
2025-09-05 11:11:56.698365+05:30,53.35,,23425575
2025-09-05 11:11:57.139411+05:30,53.45,,23425575
2025-09-05 11:11:57.642148+05:30,53.4,,23425575
2025-09-05 11:11:58.168579+05:30,53.3,,23425575
2025-09-05 11:11:59.139030+05:30,53.3,,23425575
2025-09-05 11:11:59.511196+05:30,53.35,,23425575
2025-09-05 11:11:59.903889+05:30,53.35,,23425575
2025-09-05 11:12:00.209266+05:30,53.4,,23425575
2025-09-05 11:12:00.636954+05:30,53.4,,23425575
2025-09-05 11:12:00.887333+05:30,53.7,,23425575
2025-09-05 11:12:01.163929+05:30,53.6,,23425575
2025-09-05 11:12:01.480029+05:30,53.55,,23425575
2025-09-05 11:12:02.137065+05:30,53.8,,23425575
2025-09-05 11:12:02.387047+05:30,53.85,,23425575
2025-09-05 11:12:03.187320+05:30,53.7,,23425575
2025-09-05 11:12:04.242112+05:30,53.95,,23425575
2025-09-05 11:12:04.886947+05:30,53.8,,23425575
2025-09-05 11:12:05.221483+05:30,54.3,,23425575
2025-09-05 11:12:05.886968+05:30,54.7,,23425575
2025-09-05 11:12:06.229820+05:30,54.9,,23425575
2025-09-05 11:12:06.665900+05:30,54.75,,23425575
2025-09-05 11:12:07.207539+05:30,54.8,,23425575
2025-09-05 11:12:07.650865+05:30,54.9,,23425575
2025-09-05 11:12:08.188913+05:30,54.8,,23425575
2025-09-05 11:12:09.242041+05:30,55.25,,23425575
2025-09-05 11:12:09.888361+05:30,55.6,,23425575
2025-09-05 11:12:10.147165+05:30,55.55,,23425575
2025-09-05 11:12:10.886864+05:30,55.45,,23425575
2025-09-05 11:12:11.176216+05:30,55.5,,23425575
2025-09-05 11:12:11.393123+05:30,55.3,,23425575
2025-09-05 11:12:12.239781+05:30,55.6,,23425575
2025-09-05 11:12:12.387617+05:30,55.6,,23425575
2025-09-05 11:12:13.259102+05:30,55.6,,23425575
2025-09-05 11:12:13.390288+05:30,55.6,,23425575
2025-09-05 11:12:14.202934+05:30,55.45,,23425575
2025-09-05 11:12:14.915724+05:30,55.45,,23425575
2025-09-05 11:12:15.179152+05:30,55.45,,23425575
2025-09-05 11:12:15.886786+05:30,55.7,,23425575
2025-09-05 11:12:16.175896+05:30,55.65,,23425575
2025-09-05 11:12:16.655690+05:30,55.5,,23425575
2025-09-05 11:12:17.165141+05:30,55.8,,23425575
2025-09-05 11:12:17.494815+05:30,55.85,,23425575
2025-09-05 11:12:18.213495+05:30,55.55,,23425575
2025-09-05 11:12:19.176618+05:30,55.9,,23425575
2025-09-05 11:12:20.137067+05:30,55.85,,23425575
2025-09-05 11:12:20.714851+05:30,56.2,,23425575
2025-09-05 11:12:21.142161+05:30,56.25,,23425575
2025-09-05 11:12:21.655436+05:30,56.05,,23425575
2025-09-05 11:12:22.206468+05:30,56.0,,23425575
2025-09-05 11:12:22.636902+05:30,55.9,,23425575
2025-09-05 11:12:23.202601+05:30,55.85,,23425575
2025-09-05 11:12:24.180645+05:30,56.0,,23425575
2025-09-05 11:12:25.172497+05:30,56.0,,23425575
2025-09-05 11:12:25.636851+05:30,56.0,,23425575
2025-09-05 11:12:26.186798+05:30,55.9,,23425575
2025-09-05 11:12:26.683821+05:30,56.05,,23425575
2025-09-05 11:12:27.190491+05:30,56.25,,23425575
2025-09-05 11:12:27.402472+05:30,56.1,,23425575
2025-09-05 11:12:28.213923+05:30,56.4,,23425575
2025-09-05 11:12:29.169913+05:30,56.4,,23425575
2025-09-05 11:12:29.899201+05:30,56.35,,23425575
2025-09-05 11:12:30.136900+05:30,56.35,,23425575
2025-09-05 11:12:30.414707+05:30,56.35,,23425575
2025-09-05 11:12:30.751263+05:30,56.3,,23425575
2025-09-05 11:12:31.201818+05:30,56.2,,23425575
2025-09-05 11:12:31.690186+05:30,56.2,,23425575
2025-09-05 11:12:32.149724+05:30,56.05,,23425575
2025-09-05 11:12:32.466032+05:30,56.2,,23425575
2025-09-05 11:12:33.148335+05:30,56.2,,23425575
2025-09-05 11:12:33.406346+05:30,56.2,,23425575
2025-09-05 11:12:34.170796+05:30,56.0,,23425575
2025-09-05 11:12:34.980261+05:30,56.3,,23425575
2025-09-05 11:12:35.142275+05:30,56.3,,23425575
2025-09-05 11:12:35.637564+05:30,56.25,,23425575
2025-09-05 11:12:36.193864+05:30,56.95,,23425575
2025-09-05 11:12:36.636886+05:30,56.85,,23425575
2025-09-05 11:12:37.228055+05:30,57.0,,23425575
2025-09-05 11:12:37.479447+05:30,57.1,,23425575
2025-09-05 11:12:38.229723+05:30,57.35,,23425575
2025-09-05 11:12:39.201628+05:30,57.2,,23425575
2025-09-05 11:12:39.886672+05:30,57.25,,23425575
2025-09-05 11:12:40.207352+05:30,57.4,,23425575
2025-09-05 11:12:40.735514+05:30,57.55,,23425575
2025-09-05 11:12:41.136765+05:30,57.9,,23425575
2025-09-05 11:12:41.688168+05:30,57.65,,23425575
2025-09-05 11:12:42.202557+05:30,57.75,,23425575
2025-09-05 11:12:42.515194+05:30,57.8,,23425575
2025-09-05 11:12:43.167620+05:30,57.8,,23425575
2025-09-05 11:12:44.149904+05:30,58.05,,23425575
2025-09-05 11:12:44.886850+05:30,58.15,,23425575
2025-09-05 11:12:45.245155+05:30,58.15,,23425575
2025-09-05 11:12:45.715694+05:30,57.5,,23425575
2025-09-05 11:12:46.165745+05:30,57.4,,23392275
2025-09-05 11:12:46.646313+05:30,57.55,,23392275
2025-09-05 11:12:47.249851+05:30,57.5,,23392275
2025-09-05 11:12:47.409746+05:30,57.55,,23392275
2025-09-05 11:12:48.136782+05:30,57.65,,23392275
2025-09-05 11:12:48.886719+05:30,57.35,,23392275
2025-09-05 11:12:49.155687+05:30,57.55,,23392275
2025-09-05 11:12:50.023229+05:30,57.5,,23392275
2025-09-05 11:12:50.158958+05:30,57.65,,23392275
2025-09-05 11:12:50.666680+05:30,57.1,,23392275
2025-09-05 11:12:51.164053+05:30,57.1,,23392275
2025-09-05 11:12:51.386889+05:30,56.95,,23392275
2025-09-05 11:12:52.193067+05:30,56.6,,23392275
2025-09-05 11:12:52.387382+05:30,56.5,,23392275
2025-09-05 11:12:53.136967+05:30,56.4,,23392275
2025-09-05 11:12:53.474752+05:30,56.45,,23392275
2025-09-05 11:12:54.204163+05:30,56.2,,23392275
2025-09-05 11:12:54.933272+05:30,56.1,,23392275
2025-09-05 11:12:55.155759+05:30,56.2,,23392275
2025-09-05 11:12:55.410889+05:30,56.25,,23392275
2025-09-05 11:12:55.889876+05:30,56.1,,23392275
2025-09-05 11:12:56.157001+05:30,56.2,,23392275
2025-09-05 11:12:56.489944+05:30,56.15,,23392275
2025-09-05 11:12:57.164624+05:30,56.5,,23392275
2025-09-05 11:12:57.475078+05:30,56.4,,23392275
2025-09-05 11:12:58.153519+05:30,56.75,,23392275
2025-09-05 11:12:59.136669+05:30,56.75,,23392275
2025-09-05 11:12:59.935952+05:30,56.65,,23392275
2025-09-05 11:13:00.137167+05:30,56.8,,23392275
2025-09-05 11:13:00.393056+05:30,56.8,,23392275
2025-09-05 11:13:00.893976+05:30,57.15,,23392275
2025-09-05 11:13:01.167305+05:30,56.85,,23392275
2025-09-05 11:13:01.441687+05:30,57.0,,23392275
2025-09-05 11:13:02.211626+05:30,57.35,,23392275
2025-09-05 11:13:02.386747+05:30,57.3,,23392275
2025-09-05 11:13:03.151410+05:30,57.1,,23392275
2025-09-05 11:13:04.136701+05:30,57.55,,23392275
2025-09-05 11:13:04.886703+05:30,57.05,,23392275
2025-09-05 11:13:05.163789+05:30,57.3,,23392275
2025-09-05 11:13:05.633180+05:30,57.4,,23392275
2025-09-05 11:13:06.205904+05:30,57.35,,23392275
2025-09-05 11:13:06.445901+05:30,57.45,,23392275
2025-09-05 11:13:07.163764+05:30,57.45,,23392275
2025-09-05 11:13:07.459922+05:30,57.55,,23392275
2025-09-05 11:13:08.165758+05:30,57.55,,23392275
2025-09-05 11:13:09.212640+05:30,57.2,,23392275
2025-09-05 11:13:09.930024+05:30,57.15,,23392275
2025-09-05 11:13:10.215878+05:30,57.15,,23392275
2025-09-05 11:13:10.691334+05:30,57.1,,23392275
2025-09-05 11:13:11.136861+05:30,57.25,,23392275
2025-09-05 11:13:11.413929+05:30,57.1,,23392275
2025-09-05 11:13:12.201732+05:30,57.15,,23392275
2025-09-05 11:13:12.403594+05:30,57.05,,23392275
2025-09-05 11:13:13.235191+05:30,57.0,,23392275
2025-09-05 11:13:14.148899+05:30,56.6,,23392275
2025-09-05 11:13:14.405730+05:30,56.7,,23392275
2025-09-05 11:13:14.953096+05:30,56.5,,23392275
2025-09-05 11:13:15.167124+05:30,56.35,,23392275
2025-09-05 11:13:15.734992+05:30,56.4,,23392275
2025-09-05 11:13:16.189465+05:30,56.2,,23392275
2025-09-05 11:13:16.547931+05:30,56.0,,23392275
2025-09-05 11:13:17.190596+05:30,56.0,,23392275
2025-09-05 11:13:18.261792+05:30,56.65,,23392275
2025-09-05 11:13:18.463130+05:30,56.65,,23392275
2025-09-05 11:13:19.185065+05:30,56.5,,23392275
2025-09-05 11:13:19.647667+05:30,56.5,,23392275
2025-09-05 11:13:20.203336+05:30,56.65,,23392275
2025-09-05 11:13:20.702368+05:30,56.7,,23392275
2025-09-05 11:13:21.195774+05:30,56.8,,23392275
2025-09-05 11:13:21.519329+05:30,56.65,,23392275
2025-09-05 11:13:22.259172+05:30,56.65,,23392275
2025-09-05 11:13:22.458697+05:30,56.65,,23392275
2025-09-05 11:13:23.180459+05:30,57.0,,23392275
2025-09-05 11:13:24.208631+05:30,56.85,,23392275
2025-09-05 11:13:24.663568+05:30,56.85,,23392275
2025-09-05 11:13:25.233638+05:30,56.85,,23392275
2025-09-05 11:13:25.686495+05:30,57.05,,23392275
2025-09-05 11:13:26.136936+05:30,56.85,,23392275
2025-09-05 11:13:26.530729+05:30,57.0,,23392275
2025-09-05 11:13:27.164581+05:30,56.7,,23392275
2025-09-05 11:13:27.894834+05:30,57.15,,23392275
2025-09-05 11:13:28.136561+05:30,57.0,,23392275
2025-09-05 11:13:28.904710+05:30,57.1,,23392275
2025-09-05 11:13:29.185767+05:30,57.0,,23392275
2025-09-05 11:13:29.648838+05:30,57.0,,23392275
2025-09-05 11:13:30.174793+05:30,56.9,,23392275
2025-09-05 11:13:30.662510+05:30,56.9,,23392275
2025-09-05 11:13:31.136515+05:30,57.0,,23392275
2025-09-05 11:13:32.169385+05:30,56.95,,23392275
2025-09-05 11:13:32.957117+05:30,56.9,,23392275
2025-09-05 11:13:33.202824+05:30,56.9,,23392275
2025-09-05 11:13:33.383350+05:30,56.9,,23392275
2025-09-05 11:13:33.910872+05:30,56.8,,23392275
2025-09-05 11:13:34.151930+05:30,56.8,,23392275
2025-09-05 11:13:34.386563+05:30,56.85,,23392275
2025-09-05 11:13:35.137597+05:30,56.9,,23392275
2025-09-05 11:13:35.546950+05:30,57.15,,23392275
2025-09-05 11:13:36.132089+05:30,56.9,,23392275
2025-09-05 11:13:36.419668+05:30,56.9,,23392275
2025-09-05 11:13:37.175203+05:30,56.45,,23392275
2025-09-05 11:13:37.636460+05:30,56.6,,23392275
2025-09-05 11:13:38.172616+05:30,56.65,,23392275
2025-09-05 11:13:38.501407+05:30,56.65,,23392275
2025-09-05 11:13:38.717787+05:30,56.75,,23392275
2025-09-05 11:13:39.164981+05:30,56.6,,23392275
2025-09-05 11:13:39.386579+05:30,56.65,,23392275
2025-09-05 11:13:40.168187+05:30,56.75,,23392275
2025-09-05 11:13:40.399348+05:30,56.65,,23392275
2025-09-05 11:13:41.229502+05:30,56.65,,23392275
2025-09-05 11:13:41.409540+05:30,56.65,,23392275
2025-09-05 11:13:42.193164+05:30,56.75,,23392275
2025-09-05 11:13:42.636426+05:30,56.5,,23392275
2025-09-05 11:13:43.209721+05:30,56.4,,23392275
2025-09-05 11:13:43.658515+05:30,56.6,,23392275
2025-09-05 11:13:44.195491+05:30,56.55,,23392275
2025-09-05 11:13:44.449399+05:30,56.3,,23392275
2025-09-05 11:13:45.169388+05:30,56.4,,23392275
2025-09-05 11:13:45.441281+05:30,56.55,,23392275
2025-09-05 11:13:46.164651+05:30,55.8,,23392275
2025-09-05 11:13:47.185345+05:30,55.5,,23392275
2025-09-05 11:13:47.717443+05:30,55.7,,23392275
2025-09-05 11:13:48.150949+05:30,55.25,,23392275
2025-09-05 11:13:48.730842+05:30,55.3,,23392275
2025-09-05 11:13:49.172126+05:30,55.3,,23392275
2025-09-05 11:13:49.500984+05:30,55.3,,23392275
2025-09-05 11:13:50.183646+05:30,55.35,,23392275
2025-09-05 11:13:50.427117+05:30,55.3,,23392275
2025-09-05 11:13:51.237359+05:30,55.65,,23392275
2025-09-05 11:13:52.136302+05:30,55.95,,23392275
2025-09-05 11:13:52.631994+05:30,55.65,,23392275
2025-09-05 11:13:53.187136+05:30,55.6,,23392275
2025-09-05 11:13:53.407291+05:30,55.7,,23392275
2025-09-05 11:13:53.653202+05:30,55.6,,23392275
2025-09-05 11:13:54.164598+05:30,55.8,,23392275
2025-09-05 11:13:54.435734+05:30,55.85,,23392275
2025-09-05 11:13:55.169776+05:30,55.65,,23392275
2025-09-05 11:13:55.470490+05:30,55.65,,23392275
2025-09-05 11:13:55.914093+05:30,55.7,,23392275
2025-09-05 11:13:56.213884+05:30,55.7,,23392275
2025-09-05 11:13:56.412247+05:30,55.7,,23392275
2025-09-05 11:13:56.909035+05:30,55.55,,23392275
2025-09-05 11:13:57.224380+05:30,55.65,,23392275
2025-09-05 11:13:57.670075+05:30,55.5,,23392275
2025-09-05 11:13:58.133453+05:30,55.55,,23392275
2025-09-05 11:13:58.746306+05:30,55.45,,23392275
2025-09-05 11:13:59.190518+05:30,55.9,,23392275
2025-09-05 11:14:00.176354+05:30,56.05,,23392275
2025-09-05 11:14:00.474374+05:30,56.05,,23392275
2025-09-05 11:14:00.977553+05:30,56.1,,23392275
2025-09-05 11:14:01.136439+05:30,55.95,,23392275
2025-09-05 11:14:01.469345+05:30,56.1,,23392275
2025-09-05 11:14:01.637241+05:30,55.8,,23392275
2025-09-05 11:14:02.136912+05:30,55.4,,23392275
2025-09-05 11:14:02.490928+05:30,55.5,,23392275
2025-09-05 11:14:03.169239+05:30,55.3,,23392275
2025-09-05 11:14:03.416436+05:30,55.35,,23392275
2025-09-05 11:14:04.136170+05:30,55.3,,23392275
2025-09-05 11:14:04.386407+05:30,55.3,,23392275
2025-09-05 11:14:05.136455+05:30,55.2,,23392275
