time,last_price,volume,oi
2025-09-04 12:10:38.711038+05:30,72.15,,3792675
2025-09-04 12:10:39.169806+05:30,73.3,,3792675
2025-09-04 12:10:39.321346+05:30,72.5,,3792675
2025-09-04 12:10:40.170706+05:30,72.4,,3792675
2025-09-04 12:10:40.321615+05:30,72.3,,3792675
2025-09-04 12:10:40.610648+05:30,72.5,,3792675
2025-09-04 12:10:41.074501+05:30,72.5,,3792675
2025-09-04 12:10:41.346433+05:30,72.6,,3792675
2025-09-04 12:10:41.638168+05:30,72.65,,3792675
2025-09-04 12:10:41.843890+05:30,72.75,,3792675
2025-09-04 12:10:42.440464+05:30,72.9,,3792675
2025-09-04 12:10:43.178848+05:30,72.95,,3792675
2025-09-04 12:10:43.590998+05:30,72.9,,3792675
2025-09-04 12:10:44.102143+05:30,72.55,,3792675
2025-09-04 12:10:44.409110+05:30,72.85,,3792675
2025-09-04 12:10:45.125888+05:30,73.2,,3792675
2025-09-04 12:10:45.438046+05:30,73.15,,3792675
2025-09-04 12:10:46.146080+05:30,73.4,,3792675
2025-09-04 12:10:46.446218+05:30,73.2,,3792675
2025-09-04 12:10:46.598498+05:30,73.0,,3792675
2025-09-04 12:10:47.167150+05:30,72.9,,3792675
2025-09-04 12:10:47.434085+05:30,72.2,,3792675
2025-09-04 12:10:48.094478+05:30,72.15,,3792675
2025-09-04 12:10:48.421614+05:30,72.0,,3792675
2025-09-04 12:10:49.183384+05:30,72.4,,3792675
2025-09-04 12:10:49.580003+05:30,72.15,,3792675
2025-09-04 12:10:50.117718+05:30,72.25,,3792675
2025-09-04 12:10:50.371298+05:30,72.1,,3792675
2025-09-04 12:10:51.093993+05:30,72.45,,3792675
2025-09-04 12:10:51.378599+05:30,71.9,,3792675
2025-09-04 12:10:52.126090+05:30,72.05,,3792675
2025-09-04 12:10:52.453753+05:30,72.1,,3792675
2025-09-04 12:10:53.174917+05:30,71.7,,3792675
2025-09-04 12:10:53.420034+05:30,71.45,,3792675
2025-09-04 12:10:53.620171+05:30,71.4,,3792675
2025-09-04 12:10:54.067200+05:30,71.65,,3792675
2025-09-04 12:10:54.577146+05:30,71.3,,3792675
2025-09-04 12:10:54.874416+05:30,71.5,,3792675
2025-09-04 12:10:55.146433+05:30,71.65,,3792675
2025-09-04 12:10:55.656828+05:30,71.4,,3792675
2025-09-04 12:10:56.167084+05:30,71.4,,3792675
2025-09-04 12:10:56.352120+05:30,71.65,,3792675
2025-09-04 12:10:57.071017+05:30,71.75,,3792675
2025-09-04 12:10:57.632815+05:30,71.5,,3792675
2025-09-04 12:10:58.071093+05:30,71.75,,3792675
2025-09-04 12:10:58.424480+05:30,71.65,,3792675
2025-09-04 12:10:59.200429+05:30,71.4,,3792675
2025-09-04 12:10:59.641942+05:30,71.2,,3792675
2025-09-04 12:10:59.861215+05:30,71.15,,3792675
2025-09-04 12:11:00.902898+05:30,70.7,,3792675
2025-09-04 12:11:01.122894+05:30,70.95,,3792675
2025-09-04 12:11:01.399371+05:30,70.35,,3792675
2025-09-04 12:11:01.618986+05:30,70.45,,3792675
2025-09-04 12:11:02.081940+05:30,70.3,,3792675
2025-09-04 12:11:02.654654+05:30,71.15,,3792675
2025-09-04 12:11:03.142440+05:30,70.95,,3792675
2025-09-04 12:11:03.609440+05:30,70.5,,3792675
2025-09-04 12:11:04.152707+05:30,70.6,,3792675
2025-09-04 12:11:04.596337+05:30,70.55,,3792675
2025-09-04 12:11:04.826616+05:30,70.55,,3792675
2025-09-04 12:11:05.664562+05:30,70.45,,3792675
2025-09-04 12:11:06.070951+05:30,70.75,,3792675
2025-09-04 12:11:06.398329+05:30,70.5,,3792675
2025-09-04 12:11:07.091934+05:30,70.65,,3792675
2025-09-04 12:11:07.621155+05:30,70.75,,3792675
2025-09-04 12:11:08.144851+05:30,70.5,,3792675
2025-09-04 12:11:08.663457+05:30,70.65,,3792675
2025-09-04 12:11:09.215914+05:30,70.65,,3792675
2025-09-04 12:11:09.630764+05:30,71.3,,3792675
2025-09-04 12:11:09.821082+05:30,71.0,,3792675
2025-09-04 12:11:10.648214+05:30,70.2,,3792675
2025-09-04 12:11:11.120237+05:30,70.65,,3792675
2025-09-04 12:11:11.696796+05:30,70.25,,3792675
2025-09-04 12:11:12.163734+05:30,71.0,,3792675
2025-09-04 12:11:12.589924+05:30,71.5,,3792675
2025-09-04 12:11:13.098180+05:30,71.3,,3792675
2025-09-04 12:11:13.605143+05:30,71.6,,3792675
2025-09-04 12:11:14.218038+05:30,71.5,,3792675
2025-09-04 12:11:14.568329+05:30,71.55,,3792675
2025-09-04 12:11:14.858905+05:30,71.35,,3792675
2025-09-04 12:11:15.625347+05:30,71.55,,3792675
2025-09-04 12:11:16.182705+05:30,71.65,,3792675
2025-09-04 12:11:16.637221+05:30,71.65,,3792675
2025-09-04 12:11:17.137598+05:30,71.75,,3792675
2025-09-04 12:11:17.645060+05:30,71.8,,3792675
2025-09-04 12:11:17.870140+05:30,71.75,,3792675
2025-09-04 12:11:18.348851+05:30,71.9,,3792675
2025-09-04 12:11:18.587916+05:30,71.9,,3792675
2025-09-04 12:11:19.201806+05:30,71.9,,3792675
2025-09-04 12:11:19.633631+05:30,71.6,,3792675
2025-09-04 12:11:19.879268+05:30,71.7,,3792675
2025-09-04 12:11:20.645459+05:30,72.0,,3792675
2025-09-04 12:11:21.137477+05:30,71.9,,3792675
2025-09-04 12:11:21.318375+05:30,72.05,,3792675
2025-09-04 12:11:22.126138+05:30,71.95,,3792675
2025-09-04 12:11:22.646276+05:30,71.75,,3792675
2025-09-04 12:11:23.171267+05:30,71.75,,3792675
2025-09-04 12:11:23.346444+05:30,71.75,,3792675
2025-09-04 12:11:23.607984+05:30,72.0,,3792675
2025-09-04 12:11:24.209519+05:30,71.9,,3792675
2025-09-04 12:11:24.598219+05:30,71.95,,3792675
2025-09-04 12:11:24.866179+05:30,71.8,,3792675
2025-09-04 12:11:25.090036+05:30,71.75,,3792675
2025-09-04 12:11:25.644536+05:30,72.2,,3792675
2025-09-04 12:11:25.895882+05:30,72.4,,3792675
2025-09-04 12:11:26.321960+05:30,72.15,,3792675
2025-09-04 12:11:27.114838+05:30,72.3,,3792675
2025-09-04 12:11:27.567491+05:30,72.3,,3792675
2025-09-04 12:11:28.097704+05:30,72.55,,3792675
2025-09-04 12:11:28.633811+05:30,72.2,,3792675
2025-09-04 12:11:29.115665+05:30,72.3,,3792675
2025-09-04 12:11:29.651196+05:30,72.05,,3792675
2025-09-04 12:11:29.859871+05:30,71.6,,3792675
2025-09-04 12:11:30.091117+05:30,71.6,,3792675
2025-09-04 12:11:30.658212+05:30,71.8,,3792675
2025-09-04 12:11:31.137198+05:30,71.9,,3792675
2025-09-04 12:11:31.368929+05:30,71.95,,3792675
2025-09-04 12:11:32.070382+05:30,71.95,,3792675
2025-09-04 12:11:32.597863+05:30,72.15,,3792675
2025-09-04 12:11:33.070327+05:30,72.0,,3792675
2025-09-04 12:11:33.585008+05:30,72.0,,3792675
2025-09-04 12:11:34.196099+05:30,72.05,,3792675
2025-09-04 12:11:34.593863+05:30,72.2,,3792675
2025-09-04 12:11:34.859272+05:30,72.25,,3792675
2025-09-04 12:11:35.570877+05:30,72.3,,3792675
2025-09-04 12:11:36.122079+05:30,72.1,,3792675
2025-09-04 12:11:36.375008+05:30,72.2,,3792675
2025-09-04 12:11:37.097651+05:30,72.25,,3792675
2025-09-04 12:11:37.593413+05:30,72.15,,3792675
2025-09-04 12:11:38.114632+05:30,72.15,,3792675
2025-09-04 12:11:38.320463+05:30,72.15,,3792675
2025-09-04 12:11:38.567073+05:30,72.05,,3792675
2025-09-04 12:11:39.198140+05:30,72.5,,3792675
2025-09-04 12:11:39.577875+05:30,72.35,,3792675
2025-09-04 12:11:39.875424+05:30,72.45,,3792675
2025-09-04 12:11:40.672274+05:30,73.0,,3792675
2025-09-04 12:11:41.087176+05:30,72.65,,3792675
2025-09-04 12:11:41.616990+05:30,72.65,,3792675
2025-09-04 12:11:42.075442+05:30,72.25,,3792675
2025-09-04 12:11:42.656503+05:30,72.5,,3792675
2025-09-04 12:11:43.185833+05:30,72.55,,3792675
2025-09-04 12:11:43.369454+05:30,72.25,,3792675
2025-09-04 12:11:43.654831+05:30,72.05,,3792675
2025-09-04 12:11:44.185653+05:30,71.95,,3792675
2025-09-04 12:11:44.624999+05:30,72.2,,3792675
2025-09-04 12:11:45.114517+05:30,72.35,,3792675
2025-09-04 12:11:45.565518+05:30,72.0,,3792675
2025-09-04 12:11:46.118598+05:30,72.0,,3792675
2025-09-04 12:11:46.632735+05:30,71.8,,3792675
2025-09-04 12:11:47.169940+05:30,71.95,,3792675
2025-09-04 12:11:47.679140+05:30,72.25,,3792675
2025-09-04 12:11:48.095056+05:30,72.25,,3792675
2025-09-04 12:11:48.433573+05:30,71.4,,3792675
2025-09-04 12:11:49.190495+05:30,72.2,,3792675
2025-09-04 12:11:49.615644+05:30,72.25,,3792675
2025-09-04 12:11:49.884660+05:30,72.15,,3792675
2025-09-04 12:11:50.170390+05:30,72.15,,3792675
2025-09-04 12:11:50.661032+05:30,72.3,,3792675
2025-09-04 12:11:51.112202+05:30,72.4,,3792675
2025-09-04 12:11:51.623812+05:30,72.45,,3792675
2025-09-04 12:11:52.177108+05:30,72.5,,3792675
2025-09-04 12:11:52.337412+05:30,72.55,,3792675
2025-09-04 12:11:52.610504+05:30,72.55,,3792675
2025-09-04 12:11:53.142078+05:30,72.9,,3792675
2025-09-04 12:11:53.621055+05:30,72.85,,3792675
2025-09-04 12:11:54.125579+05:30,72.65,,3792675
2025-09-04 12:11:54.567206+05:30,72.65,,3792675
2025-09-04 12:11:55.076805+05:30,72.55,,3792675
2025-09-04 12:11:55.570296+05:30,72.75,,3792675
2025-09-04 12:11:56.104258+05:30,72.8,,3792675
2025-09-04 12:11:56.629820+05:30,72.9,,3792675
2025-09-04 12:11:57.133820+05:30,73.0,,3792675
2025-09-04 12:11:57.619468+05:30,72.9,,3792675
2025-09-04 12:11:58.126481+05:30,72.8,,3792675
2025-09-04 12:11:58.637898+05:30,72.9,,3792675
2025-09-04 12:11:59.159300+05:30,73.1,,3792675
2025-09-04 12:11:59.598953+05:30,73.55,,3792675
2025-09-04 12:12:00.084361+05:30,74.4,,3792675
2025-09-04 12:12:00.609171+05:30,74.15,,3792675
2025-09-04 12:12:01.075290+05:30,74.15,,3792675
2025-09-04 12:12:01.592256+05:30,73.8,,3792675
2025-09-04 12:12:02.109246+05:30,73.9,,3792675
2025-09-04 12:12:02.644073+05:30,74.35,,3792675
2025-09-04 12:12:03.113821+05:30,74.6,,3792675
2025-09-04 12:12:03.386403+05:30,74.4,,3792675
2025-09-04 12:12:03.668542+05:30,74.7,,3792675
2025-09-04 12:12:04.195657+05:30,74.2,,3792675
2025-09-04 12:12:04.706545+05:30,73.9,,3792675
2025-09-04 12:12:05.161750+05:30,73.8,,3792675
2025-09-04 12:12:05.624555+05:30,74.5,,3792675
2025-09-04 12:12:06.135187+05:30,74.4,,3792675
2025-09-04 12:12:06.719823+05:30,74.55,,3792675
2025-09-04 12:12:07.132573+05:30,73.95,,3792675
2025-09-04 12:12:07.422028+05:30,73.85,,3792675
2025-09-04 12:12:07.618765+05:30,73.8,,3792675
2025-09-04 12:12:08.147999+05:30,74.25,,3792675
2025-09-04 12:12:08.658064+05:30,73.95,,3792675
2025-09-04 12:12:09.175092+05:30,73.55,,3792675
2025-09-04 12:12:09.566968+05:30,73.6,,3792675
2025-09-04 12:12:10.120378+05:30,73.55,,3792675
2025-09-04 12:12:10.565520+05:30,73.35,,3792675
2025-09-04 12:12:11.069700+05:30,73.4,,3792675
2025-09-04 12:12:11.596321+05:30,73.3,,3792675
2025-09-04 12:12:12.114075+05:30,73.1,,3792675
2025-09-04 12:12:12.658837+05:30,73.35,,3792675
2025-09-04 12:12:13.108303+05:30,73.95,,3792675
2025-09-04 12:12:13.448384+05:30,73.65,,3792675
2025-09-04 12:12:13.570567+05:30,73.9,,3792675
2025-09-04 12:12:14.264860+05:30,73.95,,3792675
2025-09-04 12:12:14.574753+05:30,73.85,,3792675
2025-09-04 12:12:15.146151+05:30,74.0,,3792675
2025-09-04 12:12:15.598495+05:30,73.9,,3792675
2025-09-04 12:12:16.139606+05:30,74.0,,3792675
2025-09-04 12:12:16.666843+05:30,73.9,,3792675
2025-09-04 12:12:17.116780+05:30,74.0,,3792675
2025-09-04 12:12:17.615450+05:30,73.9,,3792675
2025-09-04 12:12:18.091527+05:30,74.15,,3792675
2025-09-04 12:12:18.620360+05:30,74.0,,3792675
2025-09-04 12:12:19.069765+05:30,74.2,,3792675
2025-09-04 12:12:19.570285+05:30,74.15,,3792675
2025-09-04 12:12:20.101156+05:30,74.25,,3792675
2025-09-04 12:12:20.611789+05:30,74.75,,3792675
2025-09-04 12:12:21.143631+05:30,75.0,,3792675
2025-09-04 12:12:21.588823+05:30,74.7,,3792675
2025-09-04 12:12:22.084902+05:30,74.4,,3792675
2025-09-04 12:12:22.427113+05:30,74.5,,3792675
2025-09-04 12:12:22.569556+05:30,74.6,,3792675
2025-09-04 12:12:23.136086+05:30,74.8,,3792675
2025-09-04 12:12:23.447473+05:30,74.7,,3792675
2025-09-04 12:12:23.609822+05:30,74.85,,3792675
2025-09-04 12:12:24.168060+05:30,75.3,,3792675
2025-09-04 12:12:24.641813+05:30,75.5,,3792675
2025-09-04 12:12:25.170682+05:30,75.25,,3792675
2025-09-04 12:12:25.655426+05:30,74.6,,3792675
2025-09-04 12:16:19.074103+05:30,73.35,,3876600
2025-09-04 12:16:19.367437+05:30,72.95,,3876600
2025-09-04 12:16:19.654976+05:30,73.35,,3876600
2025-09-04 12:16:20.320140+05:30,73.75,,3876600
2025-09-04 12:16:20.813707+05:30,74.25,,3876600
2025-09-04 12:16:21.125969+05:30,74.75,,3876600
2025-09-04 12:16:21.590514+05:30,74.85,,3876600
2025-09-04 12:16:22.318334+05:30,74.8,,3876600
2025-09-04 12:16:22.565348+05:30,74.5,,3876600
2025-09-04 12:16:23.515210+05:30,74.7,,3876600
2025-09-04 12:16:23.637248+05:30,74.8,,3876600
2025-09-04 12:16:23.818228+05:30,74.65,,3876600
2025-09-04 12:16:24.367071+05:30,74.7,,3876600
2025-09-04 12:16:24.636046+05:30,75.15,,3876600
2025-09-04 12:16:25.426613+05:30,75.25,,3876600
2025-09-04 12:16:25.647540+05:30,75.05,,3876600
2025-09-04 12:16:26.352800+05:30,75.25,,3876600
2025-09-04 12:16:26.564286+05:30,75.5,,3876600
2025-09-04 12:16:27.318308+05:30,75.15,,3876600
2025-09-04 12:16:27.835747+05:30,75.0,,3876600
2025-09-04 12:18:25.021540+05:30,77.0,,3876600
2025-09-04 12:18:25.758762+05:30,76.75,,3876600
2025-09-04 12:18:26.270841+05:30,76.65,,3876600
2025-09-04 12:18:26.728501+05:30,76.8,,3876600
2025-09-04 12:18:27.240981+05:30,76.75,,3876600
2025-09-04 12:18:27.738798+05:30,77.0,,3876600
2025-09-04 12:18:28.230206+05:30,76.9,,3876600
2025-09-04 12:18:28.711489+05:30,76.85,,3876600
2025-09-04 12:18:28.979853+05:30,76.75,,3876600
2025-09-04 12:18:29.550203+05:30,77.25,,3876600
2025-09-04 12:18:30.258150+05:30,77.4,,3876600
2025-09-04 12:18:30.537732+05:30,77.4,,3876600
2025-09-04 12:18:30.705350+05:30,77.8,,3876600
2025-09-04 12:18:31.281527+05:30,77.8,,3876600
2025-09-04 12:18:31.761017+05:30,77.65,,3876600
2025-09-04 12:18:32.229827+05:30,77.3,,3876600
2025-09-04 12:18:32.715153+05:30,77.85,,3876600
2025-09-04 12:18:33.014739+05:30,77.95,,3876600
2025-09-04 12:18:33.223365+05:30,78.0,,3876600
2025-09-04 12:18:33.706451+05:30,77.7,,3876600
2025-09-04 12:18:34.241003+05:30,77.5,,3876600
2025-09-04 12:18:34.544811+05:30,77.7,,3876600
2025-09-04 12:18:34.706200+05:30,77.75,,3876600
2025-09-04 12:18:35.225752+05:30,78.05,,3876600
2025-09-04 12:18:35.701358+05:30,77.8,,3876600
2025-09-04 12:18:36.258058+05:30,77.7,,3876600
2025-09-04 12:18:36.738516+05:30,77.4,,3876600
2025-09-04 12:18:37.005605+05:30,77.5,,3876600
2025-09-04 12:18:37.719537+05:30,77.8,,3876600
2025-09-04 12:18:38.202203+05:30,77.75,,3876600
2025-09-04 12:18:38.733806+05:30,78.05,,3876600
2025-09-04 12:18:38.982737+05:30,77.9,,3876600
2025-09-04 12:18:39.474722+05:30,78.0,,3876600
2025-09-04 12:18:39.703262+05:30,78.3,,3876600
2025-09-04 12:18:40.242611+05:30,78.25,,3876600
2025-09-04 12:18:40.711297+05:30,78.45,,3876600
2025-09-04 12:18:41.263286+05:30,78.5,,3876600
2025-09-04 12:18:41.713737+05:30,78.2,,3876600
2025-09-04 12:18:42.229209+05:30,78.55,,3876600
2025-09-04 12:18:42.706503+05:30,78.25,,3876600
2025-09-04 12:18:42.978312+05:30,78.4,,3876600
2025-09-04 12:18:43.502374+05:30,78.4,,3876600
2025-09-04 12:18:43.706286+05:30,78.45,,3876600
2025-09-04 12:18:44.002183+05:30,78.2,,3876600
2025-09-04 12:18:44.536635+05:30,78.05,,3876600
2025-09-04 12:18:44.706045+05:30,78.05,,3876600
2025-09-04 12:18:45.042054+05:30,77.95,,3876600
2025-09-04 12:18:45.218637+05:30,77.6,,3876600
2025-09-04 12:18:45.729821+05:30,78.3,,3876600
2025-09-04 12:18:46.246273+05:30,78.45,,3876600
2025-09-04 12:18:46.701041+05:30,78.75,,3876600
2025-09-04 12:18:46.959844+05:30,78.8,,3876600
2025-09-04 12:18:47.713082+05:30,79.05,,3876600
2025-09-04 12:18:48.231007+05:30,78.95,,3876600
2025-09-04 12:18:48.713501+05:30,79.1,,3876600
2025-09-04 12:18:49.273400+05:30,78.9,,3876600
2025-09-04 12:18:49.509939+05:30,79.0,,3876600
2025-09-04 12:18:49.701179+05:30,78.75,,3876600
2025-09-04 12:18:50.019940+05:30,79.15,,3876600
2025-09-04 12:18:50.228800+05:30,79.2,,3876600
2025-09-04 12:18:50.776218+05:30,79.2,,3876600
2025-09-04 12:18:51.225229+05:30,79.25,,3876600
2025-09-04 12:18:51.728597+05:30,79.4,,3876600
2025-09-04 12:18:52.010015+05:30,79.35,,3876600
2025-09-04 12:18:52.727529+05:30,79.15,,3876600
2025-09-04 12:18:53.216827+05:30,79.1,,3876600
2025-09-04 12:18:53.748085+05:30,79.25,,3876600
2025-09-04 12:18:54.213360+05:30,80.25,,3876600
2025-09-04 12:18:54.734452+05:30,79.85,,3876600
2025-09-04 12:18:55.035086+05:30,80.0,,3876600
2025-09-04 12:18:55.751818+05:30,80.15,,3876600
2025-09-04 12:18:56.267181+05:30,79.85,,3876600
2025-09-04 12:18:56.778729+05:30,79.95,,3876600
2025-09-04 12:18:56.975045+05:30,80.2,,3876600
2025-09-04 12:18:57.740032+05:30,80.4,,3876600
2025-09-04 12:18:58.233186+05:30,82.4,,3949275
2025-09-04 12:18:58.470104+05:30,82.05,,3949275
2025-09-04 12:18:58.714792+05:30,82.2,,3949275
2025-09-04 12:18:58.974748+05:30,81.95,,3949275
2025-09-04 12:18:59.471198+05:30,81.5,,3949275
2025-09-04 12:19:00.012424+05:30,82.5,,3949275
2025-09-04 12:19:00.564363+05:30,82.5,,3949275
2025-09-04 12:19:00.708094+05:30,82.1,,3949275
2025-09-04 12:19:01.241720+05:30,81.5,,3949275
2025-09-04 12:19:01.701168+05:30,81.25,,3949275
2025-09-04 12:19:01.996950+05:30,81.55,,3949275
2025-09-04 12:19:02.246539+05:30,81.0,,3949275
2025-09-04 12:19:02.728252+05:30,81.45,,3949275
2025-09-04 12:19:03.218574+05:30,80.95,,3949275
2025-09-04 12:19:03.492084+05:30,80.8,,3949275
2025-09-04 12:19:03.728813+05:30,80.75,,3949275
2025-09-04 12:19:04.208270+05:30,80.45,,3949275
2025-09-04 12:19:04.700924+05:30,80.75,,3949275
2025-09-04 12:19:05.218891+05:30,80.8,,3949275
2025-09-04 12:19:05.723999+05:30,80.85,,3949275
2025-09-04 12:19:06.023514+05:30,80.8,,3949275
2025-09-04 12:33:57.551974+05:30,78.4,,4332225
2025-09-04 12:33:57.651084+05:30,78.75,,4332225
2025-09-04 12:33:57.956564+05:30,78.4,,4332225
2025-09-04 12:33:58.180465+05:30,78.45,,4332225
2025-09-04 12:33:58.375298+05:30,78.3,,4332225
2025-09-04 12:33:58.658014+05:30,78.1,,4332225
2025-09-04 12:33:58.910625+05:30,78.0,,4332225
2025-09-04 12:33:59.489638+05:30,77.7,,4332225
2025-09-04 12:33:59.894391+05:30,77.85,,4332225
2025-09-04 12:34:00.374353+05:30,77.75,,4332225
2025-09-04 12:34:00.913795+05:30,77.85,,4332225
2025-09-04 12:34:01.414307+05:30,77.6,,4321650
2025-09-04 12:34:01.893087+05:30,77.85,,4321650
2025-09-04 12:34:02.401746+05:30,77.45,,4321650
2025-09-04 12:34:02.956054+05:30,77.85,,4321650
2025-09-04 12:34:03.420960+05:30,77.45,,4321650
2025-09-04 12:34:03.660152+05:30,77.1,,4321650
2025-09-04 12:34:03.883218+05:30,77.15,,4321650
2025-09-04 12:34:04.429141+05:30,77.3,,4321650
2025-09-04 12:34:04.874386+05:30,77.0,,4321650
2025-09-04 12:34:05.417807+05:30,76.65,,4321650
2025-09-04 12:34:05.946101+05:30,76.45,,4321650
2025-09-04 12:34:06.397084+05:30,76.5,,4321650
2025-09-04 12:34:06.633943+05:30,76.25,,4321650
2025-09-04 12:34:06.906586+05:30,76.25,,4321650
2025-09-04 12:34:07.654955+05:30,76.1,,4321650
2025-09-04 12:34:07.873349+05:30,76.15,,4321650
2025-09-04 12:34:08.435149+05:30,76.9,,4321650
2025-09-04 12:34:08.873085+05:30,76.4,,4321650
2025-09-04 12:34:09.404866+05:30,77.15,,4321650
2025-09-04 12:34:09.979072+05:30,77.25,,4321650
2025-09-04 12:34:10.416139+05:30,77.1,,4321650
2025-09-04 12:34:10.910705+05:30,76.85,,4321650
2025-09-04 12:34:11.622174+05:30,77.25,,4321650
2025-09-04 12:34:11.877275+05:30,77.2,,4321650
2025-09-04 12:34:12.627497+05:30,77.1,,4321650
2025-09-04 12:34:12.912218+05:30,77.25,,4321650
2025-09-04 12:34:13.171030+05:30,77.05,,4321650
2025-09-04 12:34:13.650305+05:30,77.25,,4321650
2025-09-04 12:34:13.874340+05:30,77.25,,4321650
2025-09-04 12:34:14.523530+05:30,77.3,,4321650
2025-09-04 12:34:14.893808+05:30,77.5,,4321650
2025-09-04 12:34:15.378229+05:30,77.75,,4321650
2025-09-04 12:34:15.931837+05:30,77.8,,4321650
2025-09-04 12:34:16.420947+05:30,78.15,,4321650
2025-09-04 12:34:16.636960+05:30,78.45,,4321650
2025-09-04 12:34:16.955527+05:30,78.45,,4321650
2025-09-04 12:34:17.654132+05:30,78.45,,4321650
2025-09-04 12:34:18.000188+05:30,78.25,,4321650
2025-09-04 12:34:18.404798+05:30,78.5,,4321650
2025-09-04 12:34:18.872211+05:30,78.25,,4321650
2025-09-04 12:34:19.442024+05:30,78.5,,4321650
2025-09-04 12:34:19.901040+05:30,78.1,,4321650
2025-09-04 12:34:20.484436+05:30,78.4,,4321650
2025-09-04 12:34:20.914241+05:30,78.1,,4321650
2025-09-04 12:34:21.406629+05:30,78.2,,4321650
2025-09-04 12:34:21.645185+05:30,78.3,,4321650
2025-09-04 12:34:21.879022+05:30,78.65,,4321650
2025-09-04 12:34:22.667059+05:30,78.7,,4321650
2025-09-04 12:34:22.876950+05:30,78.65,,4321650
2025-09-04 12:34:23.165553+05:30,78.9,,4321650
2025-09-04 12:34:23.404184+05:30,78.95,,4321650
2025-09-04 12:34:23.886231+05:30,78.7,,4321650
2025-09-04 12:34:24.467545+05:30,78.6,,4321650
2025-09-04 12:34:24.918320+05:30,78.4,,4321650
2025-09-04 12:34:25.626634+05:30,78.65,,4321650
2025-09-04 12:34:25.876649+05:30,78.45,,4321650
2025-09-04 12:34:26.643694+05:30,79.05,,4321650
2025-09-04 12:34:26.876582+05:30,79.2,,4321650
2025-09-04 12:34:27.436992+05:30,79.15,,4321650
2025-09-04 12:34:27.907008+05:30,79.1,,4321650
2025-09-04 12:34:28.193976+05:30,78.85,,4321650
2025-09-04 12:34:28.374325+05:30,79.1,,4321650
2025-09-04 12:34:28.907463+05:30,79.0,,4321650
2025-09-04 12:34:29.452155+05:30,78.75,,4321650
2025-09-04 12:34:29.884159+05:30,78.7,,4321650
2025-09-04 12:34:30.453450+05:30,78.5,,4321650
2025-09-04 12:34:30.876807+05:30,78.1,,4321650
2025-09-04 12:34:31.456291+05:30,78.15,,4321650
2025-09-04 12:34:31.685266+05:30,78.0,,4321650
2025-09-04 12:34:31.911185+05:30,78.2,,4321650
2025-09-04 12:34:32.638028+05:30,78.5,,4321650
2025-09-04 12:34:32.871699+05:30,78.4,,4321650
2025-09-04 12:34:33.376517+05:30,78.75,,4321650
2025-09-04 12:34:33.881208+05:30,78.45,,4321650
2025-09-04 12:34:34.463450+05:30,78.65,,4321650
2025-09-04 12:34:35.019187+05:30,79.0,,4321650
2025-09-04 12:34:35.372305+05:30,78.85,,4321650
2025-09-04 12:34:35.925500+05:30,78.75,,4321650
2025-09-04 12:34:36.493532+05:30,79.2,,4321650
2025-09-04 12:34:36.677048+05:30,79.1,,4321650
2025-09-04 12:34:36.890311+05:30,79.1,,4321650
2025-09-04 12:34:37.144757+05:30,79.3,,4321650
2025-09-04 12:34:37.649172+05:30,79.2,,4321650
2025-09-04 12:34:37.876437+05:30,79.15,,4321650
2025-09-04 12:34:38.143952+05:30,78.95,,4321650
2025-09-04 12:34:38.389979+05:30,78.95,,4321650
2025-09-04 12:34:38.875137+05:30,79.15,,4321650
2025-09-04 12:34:39.454859+05:30,79.6,,4321650
2025-09-04 12:34:39.889079+05:30,79.4,,4321650
2025-09-04 12:34:40.376457+05:30,79.9,,4321650
2025-09-04 12:34:40.904350+05:30,79.9,,4321650
2025-09-04 12:34:41.627098+05:30,80.25,,4321650
2025-09-04 12:34:41.876328+05:30,80.2,,4321650
2025-09-04 12:34:42.158655+05:30,80.35,,4321650
2025-09-04 12:34:42.425243+05:30,79.95,,4321650
2025-09-04 12:34:42.966473+05:30,79.9,,4321650
2025-09-04 12:34:43.376583+05:30,79.7,,4321650
2025-09-04 12:34:43.872130+05:30,79.8,,4321650
2025-09-04 12:34:44.404549+05:30,80.0,,4321650
2025-09-04 12:34:44.930055+05:30,80.05,,4321650
2025-09-04 12:34:45.376493+05:30,80.1,,4321650
2025-09-04 12:34:45.892401+05:30,80.1,,4321650
2025-09-04 12:34:46.452103+05:30,79.85,,4321650
2025-09-04 12:34:46.637222+05:30,80.05,,4321650
2025-09-04 12:34:46.893123+05:30,80.2,,4321650
2025-09-04 12:34:47.421147+05:30,79.8,,4321650
2025-09-04 12:34:47.877373+05:30,80.2,,4321650
2025-09-04 12:34:48.381260+05:30,80.25,,4321650
2025-09-04 12:34:48.910905+05:30,80.5,,4321650
2025-09-04 12:34:49.648323+05:30,80.15,,4321650
2025-09-04 12:34:49.877167+05:30,80.35,,4321650
2025-09-04 12:34:50.372457+05:30,80.35,,4321650
2025-09-04 12:34:50.934614+05:30,80.4,,4321650
2025-09-04 12:34:51.431018+05:30,80.55,,4321650
2025-09-04 12:34:51.909012+05:30,80.45,,4321650
2025-09-04 12:34:52.198039+05:30,80.25,,4321650
2025-09-04 12:34:52.430513+05:30,80.35,,4321650
2025-09-04 12:34:52.873031+05:30,80.2,,4321650
2025-09-04 12:34:53.175756+05:30,80.0,,4321650
2025-09-04 12:34:53.693547+05:30,80.25,,4321650
2025-09-04 12:34:53.871991+05:30,80.1,,4321650
2025-09-04 12:34:54.453234+05:30,80.15,,4321650
2025-09-04 12:34:54.922340+05:30,80.2,,4321650
2025-09-04 12:34:55.632111+05:30,80.2,,4321650
2025-09-04 12:34:55.923037+05:30,80.05,,4321650
2025-09-04 12:34:56.388710+05:30,80.1,,4321650
2025-09-04 12:34:56.931102+05:30,80.4,,4321650
2025-09-04 12:34:57.128286+05:30,80.55,,4321650
2025-09-04 12:34:57.409126+05:30,80.5,,4321650
2025-09-04 12:34:57.876234+05:30,80.2,,4321650
2025-09-04 12:34:58.155131+05:30,80.05,,4321650
2025-09-04 12:34:58.407053+05:30,80.25,,4321650
2025-09-04 12:34:58.670175+05:30,80.3,,4321650
2025-09-04 12:34:58.873336+05:30,80.2,,4321650
2025-09-04 12:34:59.375960+05:30,80.4,,4321650
2025-09-04 12:34:59.940134+05:30,80.2,,4321650
2025-09-04 12:35:00.428146+05:30,80.05,,4321650
2025-09-04 12:35:00.639173+05:30,80.3,,4321650
2025-09-04 12:35:01.626469+05:30,80.5,,4321650
2025-09-04 12:35:01.920315+05:30,80.75,,4321650
2025-09-04 12:35:02.214747+05:30,80.85,,4321650
2025-09-04 12:35:02.650479+05:30,80.55,,4321650
2025-09-04 12:35:02.876300+05:30,80.45,,4321650
2025-09-04 12:35:03.181660+05:30,80.4,,4321650
2025-09-04 12:35:03.376109+05:30,80.25,,4321650
2025-09-04 12:35:03.626643+05:30,80.25,,4321650
2025-09-04 12:35:03.892056+05:30,80.3,,4321650
2025-09-04 12:35:04.470268+05:30,80.5,,4321650
2025-09-04 12:35:04.875944+05:30,81.2,,4321650
2025-09-04 12:35:05.389217+05:30,81.2,,4321650
2025-09-04 12:35:05.912149+05:30,81.95,,4321650
2025-09-04 12:35:06.621070+05:30,81.75,,4321650
2025-09-04 12:35:06.943248+05:30,81.65,,4321650
2025-09-04 12:35:07.156145+05:30,81.75,,4321650
2025-09-04 12:35:07.428120+05:30,81.55,,4321650
2025-09-04 12:35:07.898837+05:30,81.6,,4321650
2025-09-04 12:35:08.169311+05:30,81.45,,4321650
2025-09-04 12:35:08.635263+05:30,81.1,,4321650
2025-09-04 12:35:08.892359+05:30,80.9,,4321650
2025-09-04 12:35:09.370937+05:30,80.55,,4321650
2025-09-04 12:35:09.936739+05:30,80.8,,4321650
2025-09-04 12:35:10.375858+05:30,80.8,,4321650
2025-09-04 12:35:10.936178+05:30,80.85,,4321650
2025-09-04 12:35:11.393221+05:30,81.0,,4321650
2025-09-04 12:35:11.918547+05:30,80.75,,4321650
2025-09-04 12:35:12.175805+05:30,81.0,,4321650
2025-09-04 12:35:12.391043+05:30,80.85,,4321650
2025-09-04 12:35:12.914327+05:30,80.75,,4321650
2025-09-04 12:35:13.134576+05:30,80.7,,4321650
2025-09-04 12:35:13.376016+05:30,80.6,,4321650
2025-09-04 12:35:13.642640+05:30,80.8,,4321650
2025-09-04 12:35:13.897282+05:30,80.9,,4321650
2025-09-04 12:35:14.371476+05:30,80.8,,4321650
2025-09-04 12:35:14.911923+05:30,80.7,,4321650
2025-09-04 12:35:15.697291+05:30,80.65,,4321650
2025-09-04 12:35:15.870894+05:30,80.65,,4321650
2025-09-04 12:35:16.399390+05:30,80.5,,4321650
2025-09-04 12:35:16.914846+05:30,80.05,,4321650
2025-09-04 12:35:17.147140+05:30,79.65,,4321650
2025-09-04 12:35:17.430960+05:30,79.75,,4321650
2025-09-04 12:35:17.875841+05:30,79.85,,4321650
2025-09-04 12:35:18.193050+05:30,79.9,,4321650
2025-09-04 12:35:18.426066+05:30,79.85,,4321650
2025-09-04 12:35:18.652103+05:30,79.85,,4321650
2025-09-04 12:35:18.871174+05:30,80.2,,4321650
2025-09-04 12:35:19.459340+05:30,80.15,,4321650
2025-09-04 12:35:19.931831+05:30,80.25,,4321650
2025-09-04 12:35:20.404653+05:30,80.2,,4321650
2025-09-04 12:35:20.975441+05:30,80.35,,4321650
2025-09-04 12:35:21.419946+05:30,80.4,,4321650
2025-09-04 12:35:21.875654+05:30,80.3,,4321650
2025-09-04 12:35:22.122483+05:30,80.3,,4321650
2025-09-04 12:35:22.466895+05:30,80.2,,4321650
2025-09-04 12:35:22.880709+05:30,80.35,,4321650
2025-09-04 12:35:23.380727+05:30,80.3,,4321650
2025-09-04 12:35:23.724567+05:30,80.35,,4321650
2025-09-04 12:35:23.894055+05:30,80.3,,4321650
2025-09-04 12:35:24.387954+05:30,80.2,,4321650
2025-09-04 12:35:24.904715+05:30,80.25,,4321650
2025-09-04 12:35:25.167946+05:30,80.1,,4321650
2025-09-04 12:35:25.652697+05:30,80.1,,4321650
2025-09-04 12:35:25.907440+05:30,80.3,,4321650
2025-09-04 12:35:26.455191+05:30,79.9,,4321650
2025-09-04 12:35:26.892080+05:30,79.9,,4321650
2025-09-04 12:35:27.126274+05:30,79.9,,4321650
2025-09-04 12:35:27.380195+05:30,79.7,,4321650
2025-09-04 13:44:22.103686+05:30,77.25,,4437525
2025-09-04 13:44:22.279029+05:30,77.25,,4437525
2025-09-04 13:44:22.450775+05:30,76.95,,4437525
2025-09-04 13:44:23.204811+05:30,76.75,,4437525
2025-09-04 13:44:23.507483+05:30,77.15,,4437525
2025-09-04 13:44:23.663019+05:30,76.8,,4437525
2025-09-04 13:44:24.172969+05:30,76.65,,4437525
2025-09-04 13:44:24.485587+05:30,76.95,,4437525
2025-09-04 13:44:25.183029+05:30,76.65,,4437525
2025-09-04 13:44:25.420142+05:30,77.0,,4437525
2025-09-04 13:44:26.158337+05:30,76.9,,4437525
2025-09-04 13:44:26.482688+05:30,76.75,,4437525
2025-09-04 13:44:26.694856+05:30,76.65,,4437525
2025-09-04 13:44:27.278682+05:30,76.7,,4437525
2025-09-04 13:44:27.437896+05:30,76.25,,4437525
2025-09-04 13:44:28.234754+05:30,75.7,,4437525
2025-09-04 13:44:28.438070+05:30,75.9,,4437525
2025-09-04 13:44:29.201664+05:30,76.1,,4437525
2025-09-04 13:44:29.467698+05:30,75.95,,4437525
2025-09-04 13:44:30.250080+05:30,76.35,,4437525
2025-09-04 13:44:30.477240+05:30,76.15,,4437525
2025-09-04 13:44:30.757329+05:30,76.15,,4437525
2025-09-04 13:44:31.189198+05:30,75.65,,4437525
2025-09-04 13:44:31.496499+05:30,75.6,,4437525
2025-09-04 13:44:31.725271+05:30,75.55,,4437525
2025-09-04 13:44:32.256655+05:30,75.4,,4437525
2025-09-04 13:44:32.419343+05:30,75.45,,4437525
2025-09-04 13:44:33.203434+05:30,75.25,,4437525
2025-09-04 13:44:33.409098+05:30,75.4,,4437525
2025-09-04 13:44:34.159288+05:30,75.55,,4437525
2025-09-04 13:44:34.427143+05:30,75.8,,4437525
2025-09-04 13:44:35.261338+05:30,75.45,,4437525
2025-09-04 13:44:35.491669+05:30,75.6,,4437525
2025-09-04 13:44:36.273398+05:30,75.6,,4437525
2025-09-04 13:44:36.470013+05:30,75.6,,4437525
2025-09-04 13:44:36.715363+05:30,75.5,,4437525
2025-09-04 13:44:37.210707+05:30,75.85,,4437525
2025-09-04 13:44:37.417796+05:30,75.85,,4437525
2025-09-04 13:44:38.274461+05:30,76.05,,4437525
2025-09-04 13:44:38.463365+05:30,75.85,,4437525
2025-09-04 13:44:39.229190+05:30,75.85,,4437525
2025-09-04 13:44:39.460638+05:30,76.25,,4437525
2025-09-04 13:44:40.217909+05:30,76.05,,4437525
2025-09-04 13:44:40.515648+05:30,76.0,,4437525
2025-09-04 13:44:41.286676+05:30,76.15,,4437525
2025-09-04 13:44:41.408298+05:30,76.05,,4437525
2025-09-04 13:44:41.723534+05:30,75.9,,4437525
2025-09-04 13:44:42.181931+05:30,75.85,,4437525
2025-09-04 13:44:42.419013+05:30,76.35,,4437525
2025-09-04 13:44:43.257540+05:30,75.0,,4437525
2025-09-04 13:44:43.474283+05:30,75.0,,4437525
2025-09-04 13:44:44.159999+05:30,74.9,,4437525
2025-09-04 13:44:44.409342+05:30,74.95,,4437525
2025-09-04 13:44:45.250524+05:30,75.3,,4437525
2025-09-04 13:44:45.428468+05:30,75.35,,4437525
2025-09-04 13:44:46.256411+05:30,75.1,,4437525
2025-09-04 13:44:46.537716+05:30,75.0,,4437525
2025-09-04 13:44:46.676290+05:30,75.0,,4437525
2025-09-04 13:44:47.252352+05:30,75.2,,4437525
2025-09-04 13:44:47.512817+05:30,75.1,,4437525
2025-09-04 13:44:48.285970+05:30,75.0,,4437525
2025-09-04 13:44:48.531147+05:30,74.8,,4437525
2025-09-04 13:44:49.207493+05:30,75.0,,4437525
2025-09-04 13:44:49.490225+05:30,75.2,,4437525
2025-09-04 13:44:50.161276+05:30,75.05,,4437525
2025-09-04 13:44:50.404039+05:30,74.85,,4437525
2025-09-04 13:44:51.192843+05:30,75.4,,4437525
2025-09-04 13:44:51.443592+05:30,75.45,,4437525
2025-09-04 13:44:51.675230+05:30,75.25,,4437525
2025-09-04 13:44:51.957007+05:30,74.95,,4437525
2025-09-04 13:44:52.409074+05:30,74.7,,4437525
2025-09-04 13:44:53.235337+05:30,74.0,,4437525
2025-09-04 13:44:53.429726+05:30,74.15,,4437525
2025-09-04 13:44:54.311116+05:30,74.0,,4437525
2025-09-04 13:44:54.658157+05:30,74.05,,4437525
2025-09-04 13:44:55.211026+05:30,74.15,,4437525
2025-09-04 13:44:55.467587+05:30,74.55,,4437525
2025-09-04 13:44:56.230224+05:30,74.35,,4437525
2025-09-04 13:44:56.472186+05:30,74.45,,4437525
2025-09-04 13:44:56.694021+05:30,74.75,,4437525
2025-09-04 13:44:57.198141+05:30,74.85,,4437525
2025-09-04 13:44:57.451745+05:30,74.7,,4437525
2025-09-04 13:44:58.173729+05:30,74.95,,4437525
2025-09-04 13:44:58.518324+05:30,74.65,,4437525
2025-09-04 13:44:59.176538+05:30,74.7,,4437525
2025-09-04 13:44:59.482238+05:30,74.7,,4437525
2025-09-04 13:45:00.194955+05:30,74.75,,4437525
2025-09-04 13:45:00.495732+05:30,74.7,,4437525
2025-09-04 13:45:00.725021+05:30,74.7,,4437525
2025-09-04 13:45:00.905725+05:30,74.95,,4437525
2025-09-04 13:45:01.659747+05:30,75.3,,4437525
2025-09-04 13:45:02.277521+05:30,74.85,,4437525
2025-09-04 13:45:02.481089+05:30,74.75,,4437525
2025-09-04 13:45:03.290847+05:30,74.9,,4437525
2025-09-04 13:45:03.501311+05:30,74.7,,4437525
2025-09-04 13:45:04.214680+05:30,74.25,,4437525
2025-09-04 13:45:04.470991+05:30,75.0,,4437525
2025-09-04 13:45:05.240549+05:30,75.2,,4437525
2025-09-04 13:45:05.477702+05:30,75.1,,4437525
2025-09-04 13:45:06.201259+05:30,75.3,,4437525
2025-09-04 13:45:06.477750+05:30,75.3,,4437525
2025-09-04 13:45:06.676421+05:30,75.3,,4437525
2025-09-04 13:45:07.268501+05:30,75.25,,4437525
2025-09-04 13:45:07.501220+05:30,75.4,,4437525
2025-09-04 13:45:08.160025+05:30,75.0,,4437525
2025-09-04 13:45:08.546622+05:30,75.3,,4437525
2025-09-04 13:45:09.284862+05:30,75.5,,4437525
2025-09-04 13:45:09.466830+05:30,75.5,,4437525
2025-09-04 13:45:10.180337+05:30,75.7,,4437525
2025-09-04 13:45:10.505060+05:30,75.4,,4437525
2025-09-04 13:45:11.176247+05:30,76.0,,4437525
2025-09-04 13:45:11.489334+05:30,76.0,,4437525
2025-09-04 13:45:11.724540+05:30,75.65,,4437525
2025-09-04 13:45:12.252894+05:30,76.0,,4437525
2025-09-04 13:45:12.446710+05:30,75.65,,4437525
2025-09-04 13:45:13.249554+05:30,75.3,,4437525
2025-09-04 13:45:13.423960+05:30,75.15,,4437525
2025-09-04 13:45:13.657689+05:30,75.3,,4437525
2025-09-04 13:45:14.235666+05:30,75.25,,4437525
2025-09-04 13:45:14.681882+05:30,75.15,,4437525
2025-09-04 13:45:15.186295+05:30,75.5,,4437525
2025-09-04 13:45:15.493807+05:30,75.35,,4437525
2025-09-04 13:45:16.232007+05:30,74.7,,4437525
2025-09-04 13:45:16.441301+05:30,74.7,,4437525
2025-09-04 13:45:16.764218+05:30,75.2,,4437525
2025-09-04 13:45:17.214754+05:30,75.0,,4437525
2025-09-04 13:45:17.439675+05:30,75.2,,4437525
2025-09-04 13:45:18.248703+05:30,75.0,,4437525
2025-09-04 13:45:18.476717+05:30,74.95,,4437525
2025-09-04 13:45:19.159873+05:30,74.85,,4437525
2025-09-04 13:45:19.504100+05:30,74.85,,4437525
2025-09-04 13:45:20.178773+05:30,74.65,,4437525
2025-09-04 13:45:20.476579+05:30,74.8,,4437525
2025-09-04 13:45:21.187149+05:30,74.85,,4437525
2025-09-04 13:45:21.517185+05:30,75.0,,4437525
2025-09-04 13:45:21.694550+05:30,75.3,,4437525
2025-09-04 13:45:22.204563+05:30,74.7,,4437525
2025-09-04 13:45:22.430839+05:30,73.9,,4437525
2025-09-04 13:45:23.282727+05:30,74.2,,4437525
2025-09-04 13:45:23.463763+05:30,74.15,,4437525
2025-09-04 13:45:23.735622+05:30,74.15,,4437525
2025-09-04 13:45:24.225600+05:30,73.35,,4437525
2025-09-04 13:45:24.487716+05:30,73.5,,4437525
2025-09-04 13:45:25.266717+05:30,73.45,,4437525
2025-09-04 13:45:25.450944+05:30,73.1,,4437525
2025-09-04 13:45:26.158972+05:30,72.75,,4437525
2025-09-04 13:45:26.526011+05:30,72.8,,4437525
2025-09-04 13:45:26.936036+05:30,73.25,,4437525
2025-09-04 13:45:27.224629+05:30,73.4,,4437525
2025-09-04 13:45:27.426877+05:30,73.65,,4437525
2025-09-04 13:45:28.159210+05:30,73.65,,4437525
2025-09-04 13:45:28.464856+05:30,73.7,,4437525
2025-09-04 13:45:28.698315+05:30,73.55,,4437525
2025-09-04 13:45:29.170594+05:30,73.85,,4437525
2025-09-04 13:45:29.444941+05:30,73.6,,4437525
2025-09-04 13:45:30.208383+05:30,73.45,,4437525
2025-09-04 13:45:30.413083+05:30,73.75,,4437525
2025-09-04 13:45:30.753334+05:30,73.75,,4437525
2025-09-04 13:45:31.270669+05:30,73.6,,4437525
2025-09-04 13:45:31.502624+05:30,73.75,,4437525
2025-09-04 13:45:31.945636+05:30,74.0,,4437525
2025-09-04 13:45:32.252270+05:30,74.0,,4437525
2025-09-04 13:45:32.464951+05:30,73.6,,4437525
2025-09-04 13:45:33.161756+05:30,73.7,,4437525
2025-09-04 13:45:33.410719+05:30,73.8,,4437525
2025-09-04 13:45:33.697292+05:30,74.0,,4437525
2025-09-04 13:45:34.244288+05:30,73.8,,4437525
2025-09-04 13:45:34.730587+05:30,73.8,,4437525
2025-09-04 13:45:35.183781+05:30,73.9,,4437525
2025-09-04 13:45:35.470969+05:30,73.9,,4437525
2025-09-04 13:45:36.171720+05:30,73.75,,4437525
2025-09-04 13:45:36.454216+05:30,73.75,,4437525
2025-09-04 13:45:36.946344+05:30,73.75,,4437525
2025-09-04 13:45:37.238022+05:30,73.5,,4437525
2025-09-04 13:45:37.409325+05:30,73.5,,4437525
2025-09-04 13:45:38.236248+05:30,74.25,,4437525
2025-09-04 13:45:38.471233+05:30,73.75,,4437525
2025-09-04 13:45:38.720918+05:30,73.95,,4437525
2025-09-04 13:45:39.250985+05:30,73.85,,4437525
2025-09-04 13:45:39.404068+05:30,73.95,,4437525
2025-09-04 13:45:40.189503+05:30,74.15,,4437525
2025-09-04 13:45:40.493268+05:30,74.05,,4437525
2025-09-04 13:45:41.165404+05:30,74.05,,4437525
2025-09-04 13:45:41.448581+05:30,74.15,,4437525
2025-09-04 13:45:41.944983+05:30,74.35,,4437525
2025-09-04 13:45:42.216121+05:30,74.2,,4437525
2025-09-04 13:45:42.408594+05:30,74.25,,4437525
2025-09-04 13:45:43.217580+05:30,74.55,,4437525
2025-09-04 13:45:43.501572+05:30,74.65,,4437525
2025-09-04 13:45:43.707790+05:30,74.7,,4437525
2025-09-04 13:45:44.244280+05:30,74.4,,4437525
2025-09-04 13:45:44.490887+05:30,74.7,,4437525
2025-09-04 13:45:45.201367+05:30,74.0,,4437525
2025-09-04 13:45:45.444042+05:30,74.0,,4437525
2025-09-04 13:45:46.181966+05:30,74.0,,4437525
2025-09-04 13:45:46.549947+05:30,73.7,,4437525
2025-09-04 13:45:46.940772+05:30,73.7,,4437525
2025-09-04 13:45:47.187103+05:30,74.0,,4437525
2025-09-04 13:45:47.426310+05:30,73.8,,4437525
2025-09-04 13:45:48.231861+05:30,73.75,,4437525
2025-09-04 13:45:48.485871+05:30,73.75,,4437525
2025-09-04 13:45:49.237300+05:30,74.2,,4437525
2025-09-04 13:45:49.486762+05:30,74.15,,4437525
2025-09-04 13:45:50.181486+05:30,73.9,,4437525
2025-09-04 13:45:50.486175+05:30,73.8,,4437525
2025-09-04 13:45:51.175750+05:30,73.6,,4437525
2025-09-04 13:45:51.415531+05:30,73.25,,4437525
2025-09-04 13:45:51.955758+05:30,73.05,,4437525
2025-09-04 13:45:52.215628+05:30,73.0,,4437525
2025-09-04 13:45:52.452489+05:30,73.15,,4437525
2025-09-04 13:45:53.312767+05:30,72.9,,4437525
2025-09-04 13:45:53.715182+05:30,73.0,,4437525
2025-09-04 13:45:54.230350+05:30,73.05,,4437525
2025-09-04 13:45:54.555932+05:30,72.9,,4437525
2025-09-04 13:45:55.209649+05:30,72.75,,4437525
2025-09-04 13:45:55.463841+05:30,72.65,,4437525
2025-09-04 13:45:56.200915+05:30,72.9,,4437525
2025-09-04 13:45:56.506607+05:30,72.75,,4437525
2025-09-04 13:45:56.934393+05:30,72.8,,4437525
2025-09-04 13:45:57.203554+05:30,73.2,,4437525
2025-09-04 13:45:57.579425+05:30,72.8,,4437525
2025-09-04 13:45:58.279600+05:30,72.7,,4437525
2025-09-04 13:45:58.408722+05:30,72.95,,4437525
2025-09-04 13:45:59.214257+05:30,73.15,,4437525
2025-09-04 13:45:59.419217+05:30,73.2,,4437525
2025-09-04 13:46:00.236569+05:30,73.35,,4437525
2025-09-04 13:46:00.424988+05:30,73.35,,4437525
2025-09-04 13:46:00.766212+05:30,73.35,,4437525
2025-09-04 13:46:01.194220+05:30,73.4,,4437525
2025-09-04 13:46:01.560177+05:30,73.15,,4437525
2025-09-04 13:46:01.948083+05:30,73.2,,4437525
2025-09-04 13:46:02.252963+05:30,73.25,,4437525
2025-09-04 13:46:02.480249+05:30,73.85,,4437525
2025-09-04 13:46:03.249706+05:30,73.8,,4437525
2025-09-04 13:46:03.479156+05:30,73.8,,4437525
2025-09-04 13:46:04.234223+05:30,74.15,,4437525
2025-09-04 13:46:04.685966+05:30,74.2,,4437525
2025-09-04 13:46:05.208576+05:30,74.35,,4437525
2025-09-04 13:46:05.497609+05:30,74.4,,4437525
2025-09-04 13:46:06.191514+05:30,74.1,,4437525
2025-09-04 13:46:06.555128+05:30,74.55,,4437525
2025-09-04 13:46:06.947939+05:30,74.4,,4437525
2025-09-04 13:46:07.159268+05:30,74.55,,4437525
2025-09-04 13:46:07.425220+05:30,74.55,,4437525
2025-09-04 13:46:08.270403+05:30,74.1,,4437525
2025-09-04 13:46:08.708276+05:30,74.25,,4437525
2025-09-04 13:46:09.154413+05:30,74.2,,4437525
2025-09-04 13:46:09.442106+05:30,74.05,,4437525
2025-09-04 13:46:10.212933+05:30,74.0,,4437525
2025-09-04 13:46:10.402870+05:30,73.6,,4437525
2025-09-04 13:46:11.259396+05:30,73.8,,4437525
2025-09-04 13:46:11.475764+05:30,74.0,,4437525
2025-09-04 13:46:11.918643+05:30,73.75,,4437525
2025-09-04 13:46:12.158989+05:30,73.55,,4437525
2025-09-04 13:46:12.402263+05:30,73.7,,4560825
2025-09-04 13:46:13.210640+05:30,73.9,,4560825
2025-09-04 13:46:13.450998+05:30,74.7,,4560825
2025-09-04 13:46:14.199732+05:30,74.4,,4560825
2025-09-04 13:46:14.402758+05:30,74.25,,4560825
2025-09-04 13:46:15.232007+05:30,74.15,,4560825
2025-09-04 13:46:15.416025+05:30,74.3,,4560825
2025-09-04 13:46:15.678804+05:30,74.2,,4560825
2025-09-04 13:46:16.226863+05:30,74.25,,4560825
2025-09-04 13:46:16.521611+05:30,74.25,,4560825
2025-09-04 13:46:16.903593+05:30,74.5,,4560825
2025-09-04 13:46:17.158806+05:30,74.95,,4560825
2025-09-04 13:46:17.491593+05:30,74.75,,4560825
2025-09-04 13:46:18.278638+05:30,75.0,,4560825
2025-09-04 13:46:18.491434+05:30,75.1,,4560825
2025-09-04 13:46:19.180199+05:30,74.8,,4560825
2025-09-04 13:46:19.441707+05:30,74.55,,4560825
2025-09-04 13:46:20.188114+05:30,74.7,,4560825
2025-09-04 13:46:20.528583+05:30,74.8,,4560825
2025-09-04 13:46:21.212928+05:30,75.05,,4560825
2025-09-04 13:46:21.541119+05:30,74.8,,4560825
2025-09-04 13:46:21.923972+05:30,74.8,,4560825
2025-09-04 13:46:22.274761+05:30,74.65,,4560825
2025-09-04 13:46:22.564857+05:30,74.7,,4560825
2025-09-04 13:46:23.262547+05:30,74.5,,4560825
2025-09-04 13:46:23.528324+05:30,74.45,,4560825
2025-09-04 13:46:24.237820+05:30,74.55,,4560825
2025-09-04 13:46:24.508719+05:30,74.8,,4560825
2025-09-04 13:46:25.179678+05:30,74.75,,4560825
2025-09-04 13:46:25.557636+05:30,74.85,,4560825
2025-09-04 13:46:26.164767+05:30,74.7,,4560825
2025-09-04 13:46:26.502911+05:30,74.9,,4560825
2025-09-04 13:46:26.918643+05:30,74.85,,4560825
2025-09-04 13:46:27.270766+05:30,74.85,,4560825
2025-09-04 13:46:27.471162+05:30,74.7,,4560825
2025-09-04 13:46:28.197066+05:30,74.4,,4560825
2025-09-04 13:46:28.500058+05:30,74.7,,4560825
2025-09-04 13:46:29.260789+05:30,74.8,,4560825
2025-09-04 13:46:29.407231+05:30,74.65,,4560825
2025-09-04 13:46:30.246530+05:30,74.5,,4560825
2025-09-04 13:46:30.484833+05:30,74.4,,4560825
2025-09-04 13:46:30.678078+05:30,74.4,,4560825
2025-09-04 13:46:31.188164+05:30,75.0,,4560825
2025-09-04 13:46:31.533819+05:30,75.0,,4560825
2025-09-04 13:46:31.944559+05:30,75.05,,4560825
2025-09-04 13:46:32.170510+05:30,74.7,,4560825
2025-09-04 13:46:32.450925+05:30,73.9,,4560825
2025-09-04 13:46:33.203556+05:30,74.2,,4560825
2025-09-04 13:46:33.530510+05:30,74.0,,4560825
2025-09-04 13:46:34.179793+05:30,73.85,,4560825
2025-09-04 13:46:34.430901+05:30,74.1,,4560825
2025-09-04 13:46:35.220712+05:30,74.65,,4560825
2025-09-04 13:46:35.440163+05:30,74.3,,4560825
2025-09-04 13:46:36.229635+05:30,74.25,,4560825
2025-09-04 13:46:36.429533+05:30,74.55,,4560825
2025-09-04 13:46:36.978413+05:30,74.65,,4560825
2025-09-04 13:46:37.164220+05:30,74.75,,4560825
2025-09-04 13:46:37.418958+05:30,75.2,,4560825
2025-09-04 13:46:38.271914+05:30,75.15,,4560825
2025-09-04 13:46:38.483718+05:30,75.0,,4560825
2025-09-04 13:46:39.173503+05:30,75.1,,4560825
2025-09-04 13:46:39.430143+05:30,75.6,,4560825
2025-09-04 13:46:40.250609+05:30,75.6,,4560825
2025-09-04 13:46:40.501851+05:30,75.65,,4560825
2025-09-04 13:46:41.222615+05:30,75.65,,4560825
2025-09-04 13:46:41.408603+05:30,75.5,,4560825
2025-09-04 13:46:41.938226+05:30,75.6,,4560825
2025-09-04 13:46:42.184636+05:30,75.45,,4560825
2025-09-04 13:46:42.408271+05:30,75.65,,4560825
2025-09-04 13:46:43.227149+05:30,75.2,,4560825
2025-09-04 13:46:43.448703+05:30,75.2,,4560825
2025-09-04 13:46:43.928126+05:30,74.8,,4560825
2025-09-04 13:46:44.673001+05:30,74.8,,4560825
2025-09-04 13:46:45.173987+05:30,74.7,,4560825
2025-09-04 13:46:45.497050+05:30,74.75,,4560825
2025-09-04 13:46:46.255955+05:30,74.9,,4560825
2025-09-04 13:46:46.451463+05:30,75.05,,4560825
2025-09-04 13:46:46.950849+05:30,75.0,,4560825
2025-09-04 13:46:47.277924+05:30,75.0,,4560825
2025-09-04 13:46:47.443596+05:30,74.75,,4560825
2025-09-04 13:46:48.158552+05:30,75.1,,4560825
2025-09-04 13:46:48.407910+05:30,75.35,,4560825
2025-09-04 13:46:49.195813+05:30,75.2,,4560825
2025-09-04 13:46:49.424276+05:30,74.85,,4560825
2025-09-04 13:46:50.255144+05:30,74.95,,4560825
2025-09-04 13:46:50.418278+05:30,74.75,,4560825
2025-09-04 13:46:51.288608+05:30,74.9,,4560825
2025-09-04 13:46:51.484155+05:30,74.9,,4560825
2025-09-04 13:46:51.945630+05:30,74.95,,4560825
2025-09-04 13:46:52.247139+05:30,74.95,,4560825
2025-09-04 13:46:52.460580+05:30,75.0,,4560825
2025-09-04 13:46:53.263401+05:30,75.05,,4560825
2025-09-04 13:46:53.464145+05:30,74.95,,4560825
2025-09-04 13:46:54.174189+05:30,74.7,,4560825
2025-09-04 13:46:54.486817+05:30,74.75,,4560825
2025-09-04 13:46:55.230319+05:30,74.3,,4560825
2025-09-04 13:46:55.424699+05:30,74.45,,4560825
2025-09-04 13:46:56.257848+05:30,74.2,,4560825
2025-09-04 13:46:56.442934+05:30,74.1,,4560825
2025-09-04 13:46:56.944285+05:30,74.4,,4560825
2025-09-04 13:46:57.186401+05:30,74.45,,4560825
2025-09-04 13:46:57.487567+05:30,74.25,,4560825
2025-09-04 13:46:58.283097+05:30,74.3,,4560825
2025-09-04 13:46:58.530639+05:30,74.3,,4560825
2025-09-04 13:46:59.158039+05:30,74.65,,4560825
2025-09-04 13:46:59.407708+05:30,74.7,,4560825
2025-09-04 13:47:00.188310+05:30,74.5,,4560825
2025-09-04 13:47:00.529589+05:30,74.6,,4560825
2025-09-04 13:47:00.720675+05:30,74.6,,4560825
2025-09-04 13:47:01.209962+05:30,74.1,,4560825
2025-09-04 13:47:01.509659+05:30,74.85,,4560825
2025-09-04 13:47:01.972880+05:30,74.85,,4560825
2025-09-04 13:47:02.185938+05:30,74.75,,4560825
2025-09-04 13:47:02.491396+05:30,74.35,,4560825
2025-09-04 13:47:03.306688+05:30,74.4,,4560825
2025-09-04 13:47:03.458927+05:30,74.35,,4560825
2025-09-04 13:47:04.202701+05:30,74.9,,4560825
2025-09-04 13:47:04.449723+05:30,75.0,,4560825
2025-09-04 13:47:05.169793+05:30,75.5,,4560825
2025-09-04 13:47:05.510270+05:30,75.05,,4560825
2025-09-04 13:47:06.219343+05:30,75.45,,4560825
2025-09-04 13:47:06.408370+05:30,75.25,,4560825
2025-09-04 13:47:06.952171+05:30,75.05,,4560825
2025-09-04 13:47:07.223290+05:30,74.85,,4560825
2025-09-04 13:47:07.409772+05:30,75.25,,4560825
2025-09-04 13:47:08.300345+05:30,74.75,,4560825
2025-09-04 13:47:08.425558+05:30,74.75,,4560825
2025-09-04 13:47:08.704732+05:30,74.75,,4560825
2025-09-04 13:47:09.241262+05:30,74.95,,4560825
2025-09-04 13:47:09.450551+05:30,74.9,,4560825
2025-09-04 13:47:10.185497+05:30,75.05,,4560825
2025-09-04 13:47:10.532038+05:30,74.7,,4560825
2025-09-04 13:47:11.232297+05:30,74.55,,4560825
2025-09-04 13:47:11.439645+05:30,74.9,,4560825
2025-09-04 13:47:11.955335+05:30,74.7,,4560825
2025-09-04 13:47:12.216599+05:30,74.7,,4560825
2025-09-04 13:47:12.553949+05:30,74.7,,4560825
2025-09-04 13:47:13.196078+05:30,74.85,,4560825
2025-09-04 13:47:13.519292+05:30,74.55,,4560825
2025-09-04 13:47:14.173303+05:30,74.4,,4560825
2025-09-04 13:47:14.419943+05:30,74.5,,4560825
2025-09-04 13:47:15.183380+05:30,75.05,,4560825
2025-09-04 13:47:15.420221+05:30,75.0,,4560825
2025-09-04 13:47:16.180165+05:30,75.15,,4560825
2025-09-04 13:47:16.570495+05:30,75.7,,4560825
2025-09-04 13:47:16.944940+05:30,76.2,,4560825
2025-09-04 13:47:17.244435+05:30,76.2,,4560825
2025-09-04 13:47:17.715830+05:30,76.25,,4560825
2025-09-04 13:47:18.195796+05:30,76.15,,4560825
2025-09-04 13:47:18.706856+05:30,76.5,,4560825
2025-09-04 13:47:19.197199+05:30,76.25,,4560825
2025-09-04 13:47:19.402063+05:30,76.65,,4560825
2025-09-04 13:47:20.181583+05:30,76.75,,4560825
2025-09-04 13:47:20.733625+05:30,77.0,,4560825
2025-09-04 13:47:21.191835+05:30,76.6,,4560825
2025-09-04 13:47:21.408257+05:30,76.8,,4560825
2025-09-04 13:47:21.984176+05:30,76.75,,4560825
2025-09-04 13:47:22.204743+05:30,76.55,,4560825
2025-09-04 13:47:22.712171+05:30,76.4,,4560825
2025-09-04 13:47:23.277676+05:30,76.65,,4560825
2025-09-04 13:47:23.513578+05:30,76.3,,4560825
2025-09-04 13:47:24.250420+05:30,76.65,,4560825
2025-09-04 13:47:24.430361+05:30,76.6,,4560825
2025-09-04 13:47:25.192530+05:30,76.95,,4560825
2025-09-04 13:47:25.495796+05:30,76.9,,4560825
2025-09-04 13:47:26.183350+05:30,76.0,,4560825
2025-09-04 13:47:26.439657+05:30,75.8,,4560825
2025-09-04 13:47:26.993181+05:30,76.25,,4560825
2025-09-04 13:47:27.157908+05:30,76.15,,4560825
2025-09-04 13:47:27.446743+05:30,76.35,,4560825
2025-09-04 13:47:28.156767+05:30,76.65,,4560825
2025-09-04 13:47:28.429864+05:30,76.1,,4560825
2025-09-04 13:47:29.275272+05:30,75.95,,4560825
2025-09-04 13:47:29.547262+05:30,75.8,,4560825
2025-09-04 13:47:30.177599+05:30,76.0,,4560825
2025-09-04 13:47:30.419146+05:30,75.6,,4560825
2025-09-04 13:47:30.679294+05:30,75.6,,4560825
2025-09-04 13:47:31.239720+05:30,75.5,,4560825
2025-09-04 13:47:31.465488+05:30,75.9,,4560825
2025-09-04 13:47:32.185278+05:30,75.9,,4560825
2025-09-04 13:47:32.699053+05:30,75.8,,4560825
2025-09-04 13:47:33.533332+05:30,76.0,,4560825
2025-09-04 13:47:33.683889+05:30,76.0,,4560825
2025-09-04 13:47:34.560170+05:30,78.7,,4560825
2025-09-04 13:47:35.510340+05:30,78.6,,4560825
2025-09-04 13:47:36.500845+05:30,78.3,,4560825
2025-09-04 13:47:37.272424+05:30,78.25,,4560825
2025-09-04 13:47:37.463883+05:30,78.5,,4560825
2025-09-04 13:47:38.245041+05:30,78.3,,4560825
2025-09-04 13:47:38.563634+05:30,78.4,,4560825
2025-09-04 13:47:38.694319+05:30,78.15,,4560825
2025-09-04 13:47:39.510110+05:30,78.15,,4560825
2025-09-04 13:47:40.523770+05:30,78.15,,4560825
2025-09-04 13:47:41.488834+05:30,78.2,,4560825
2025-09-04 13:47:41.672676+05:30,78.15,,4560825
2025-09-04 13:47:41.918046+05:30,78.75,,4560825
2025-09-04 13:47:42.241412+05:30,78.4,,4560825
2025-09-04 13:47:42.429310+05:30,78.4,,4560825
2025-09-04 13:47:43.274266+05:30,78.1,,4560825
2025-09-04 13:47:43.525314+05:30,78.3,,4560825
2025-09-04 13:47:43.688740+05:30,78.3,,4560825
2025-09-04 13:47:44.272578+05:30,78.3,,4560825
2025-09-04 13:47:44.486602+05:30,79.0,,4560825
2025-09-04 13:47:45.167125+05:30,78.5,,4560825
2025-09-04 13:47:45.506612+05:30,78.4,,4560825
2025-09-04 13:47:46.407727+05:30,79.2,,4560825
2025-09-04 13:47:46.943924+05:30,78.7,,4560825
2025-09-04 13:47:47.473135+05:30,78.35,,4560825
2025-09-04 13:47:48.474720+05:30,77.95,,4560825
2025-09-04 13:47:49.278112+05:30,77.65,,4560825
2025-09-04 13:47:49.511005+05:30,77.55,,4560825
2025-09-04 13:47:50.467097+05:30,77.1,,4560825
2025-09-04 13:47:51.410122+05:30,76.65,,4560825
2025-09-04 13:47:51.720109+05:30,77.0,,4560825
2025-09-04 13:47:51.943936+05:30,76.95,,4560825
2025-09-04 13:47:52.486573+05:30,76.75,,4560825
2025-09-04 13:47:53.463948+05:30,77.3,,4560825
2025-09-04 13:47:54.196606+05:30,77.1,,4560825
2025-09-04 13:47:54.652657+05:30,76.85,,4560825
2025-09-04 13:47:55.176640+05:30,76.8,,4560825
2025-09-04 13:47:55.497748+05:30,76.55,,4560825
2025-09-04 13:47:56.406288+05:30,77.0,,4560825
2025-09-04 13:47:56.712089+05:30,77.05,,4560825
2025-09-04 13:47:56.938545+05:30,77.05,,4560825
2025-09-04 13:47:57.524817+05:30,77.05,,4560825
2025-09-04 13:47:58.274059+05:30,77.1,,4560825
2025-09-04 13:47:58.456977+05:30,76.85,,4560825
2025-09-04 13:47:59.504221+05:30,77.0,,4560825
2025-09-04 13:48:00.201060+05:30,76.95,,4560825
2025-09-04 13:48:00.493201+05:30,76.8,,4560825
2025-09-04 13:48:00.715138+05:30,76.8,,4560825
2025-09-04 13:48:01.180275+05:30,76.95,,4560825
2025-09-04 13:48:01.488557+05:30,77.25,,4560825
2025-09-04 13:48:01.934262+05:30,77.65,,4560825
2025-09-04 13:48:02.174718+05:30,76.95,,4560825
2025-09-04 13:48:02.492163+05:30,76.5,,4560825
2025-09-04 13:48:03.459539+05:30,77.1,,4560825
2025-09-04 13:48:04.501705+05:30,76.95,,4560825
2025-09-04 13:48:04.714782+05:30,76.8,,4560825
2025-09-04 13:48:05.197699+05:30,77.0,,4560825
2025-09-04 13:48:05.726660+05:30,77.3,,4560825
2025-09-04 13:48:06.482540+05:30,77.1,,4560825
2025-09-04 13:48:06.686204+05:30,76.9,,4560825
2025-09-04 13:48:06.949828+05:30,77.05,,4560825
2025-09-04 13:48:07.231232+05:30,77.3,,4560825
2025-09-04 13:48:07.680936+05:30,77.15,,4560825
2025-09-04 13:48:08.271109+05:30,77.25,,4560825
2025-09-04 13:48:08.509835+05:30,77.15,,4560825
2025-09-04 13:48:09.462144+05:30,77.2,,4560825
2025-09-04 13:48:09.657582+05:30,77.15,,4560825
2025-09-04 13:48:10.248825+05:30,77.1,,4560825
2025-09-04 13:48:10.693631+05:30,77.35,,4560825
2025-09-04 13:48:11.451738+05:30,77.55,,4560825
2025-09-04 13:48:11.702720+05:30,77.5,,4560825
2025-09-04 13:48:11.906043+05:30,77.4,,4560825
2025-09-04 13:48:12.407510+05:30,77.45,,4560825
2025-09-04 13:48:12.734441+05:30,77.5,,4560825
2025-09-04 13:48:13.515813+05:30,78.25,,4560825
2025-09-04 13:48:13.701665+05:30,77.85,,4560825
2025-09-04 13:48:14.435059+05:30,78.25,,4560825
2025-09-04 13:48:14.726310+05:30,78.15,,4560825
2025-09-04 13:48:15.223730+05:30,78.0,,4560825
2025-09-04 13:48:15.692491+05:30,78.1,,4560825
2025-09-04 13:48:16.247416+05:30,79.1,,4560825
2025-09-04 13:48:16.691857+05:30,79.3,,4560825
2025-09-04 13:48:16.943568+05:30,79.05,,4560825
2025-09-04 13:48:17.235702+05:30,79.15,,4560825
2025-09-04 13:48:17.677388+05:30,78.45,,4560825
2025-09-04 13:48:18.243198+05:30,79.35,,4560825
2025-09-04 13:48:18.503583+05:30,79.05,,4560825
2025-09-04 13:48:18.655966+05:30,79.05,,4560825
2025-09-04 13:48:19.457863+05:30,79.4,,4560825
2025-09-04 13:48:19.672487+05:30,79.9,,4560825
2025-09-04 13:48:20.192177+05:30,80.0,,4560825
2025-09-04 13:48:20.727557+05:30,79.75,,4560825
2025-09-04 13:48:21.213193+05:30,79.7,,4560825
2025-09-04 13:48:21.716984+05:30,80.2,,4560825
2025-09-04 13:48:21.918581+05:30,80.25,,4560825
2025-09-04 13:48:22.157117+05:30,79.9,,4560825
2025-09-04 13:48:22.738102+05:30,79.6,,4560825
2025-09-04 13:48:23.157339+05:30,79.7,,4560825
2025-09-04 13:48:23.519393+05:30,79.75,,4560825
2025-09-04 13:48:24.205593+05:30,79.75,,4560825
2025-09-04 13:48:24.777130+05:30,79.95,,4560825
2025-09-04 13:48:25.208950+05:30,80.05,,4560825
2025-09-04 13:48:25.675354+05:30,79.4,,4560825
2025-09-04 13:48:26.234743+05:30,79.5,,4560825
2025-09-04 13:48:26.736040+05:30,79.25,,4560825
2025-09-04 13:48:26.906095+05:30,79.6,,4560825
2025-09-04 13:48:27.179657+05:30,79.5,,4560825
2025-09-04 13:48:27.722918+05:30,79.4,,4560825
2025-09-04 13:48:28.173193+05:30,79.15,,4560825
2025-09-04 13:48:28.554774+05:30,78.8,,4560825
2025-09-04 13:48:29.472597+05:30,78.65,,4560825
2025-09-04 13:48:29.765204+05:30,78.55,,4560825
2025-09-04 13:48:30.157600+05:30,78.55,,4560825
2025-09-04 13:48:30.732675+05:30,78.75,,4560825
2025-09-04 13:48:31.521267+05:30,78.65,,4560825
2025-09-04 13:48:31.691250+05:30,78.85,,4560825
2025-09-04 13:48:31.927602+05:30,78.65,,4560825
2025-09-04 13:48:32.482665+05:30,78.5,,4560825
2025-09-04 13:48:32.684063+05:30,78.6,,4560825
2025-09-04 13:48:33.407037+05:30,78.3,,4560825
2025-09-04 13:48:34.412733+05:30,79.0,,4560825
2025-09-04 13:48:34.727644+05:30,79.15,,4560825
2025-09-04 13:48:35.182669+05:30,78.55,,4560825
2025-09-04 13:48:35.754790+05:30,78.55,,4560825
2025-09-04 13:48:36.163703+05:30,78.85,,4560825
2025-09-04 13:48:36.672873+05:30,78.75,,4560825
2025-09-04 13:48:36.948204+05:30,78.6,,4560825
2025-09-04 13:48:37.406727+05:30,78.75,,4560825
2025-09-04 13:48:37.760229+05:30,78.7,,4560825
2025-09-04 13:48:38.503854+05:30,79.5,,4560825
2025-09-04 13:48:39.462627+05:30,79.9,,4560825
2025-09-04 13:48:39.706755+05:30,79.5,,4560825
2025-09-04 13:48:40.207484+05:30,79.4,,4560825
2025-09-04 13:48:40.688269+05:30,79.55,,4560825
2025-09-04 13:48:41.535967+05:30,79.55,,4560825
2025-09-04 13:48:41.672150+05:30,79.4,,4560825
2025-09-04 13:48:41.925761+05:30,79.5,,4560825
2025-09-04 13:48:42.474555+05:30,79.55,,4560825
2025-09-04 13:48:42.717492+05:30,79.5,,4560825
2025-09-04 13:48:43.197879+05:30,79.3,,4560825
2025-09-04 13:48:43.435754+05:30,79.4,,4560825
2025-09-04 13:48:44.449416+05:30,79.4,,4560825
2025-09-04 13:48:44.760932+05:30,79.6,,4560825
2025-09-04 13:48:45.190296+05:30,79.2,,4560825
2025-09-04 13:48:45.750106+05:30,79.35,,4560825
2025-09-04 13:48:46.485253+05:30,79.8,,4560825
2025-09-04 13:48:46.655693+05:30,80.4,,4560825
2025-09-04 13:48:46.922473+05:30,80.5,,4560825
2025-09-04 13:48:47.518416+05:30,80.5,,4560825
2025-09-04 13:48:47.696439+05:30,80.5,,4560825
2025-09-04 13:48:48.469738+05:30,80.35,,4560825
2025-09-04 13:48:49.269141+05:30,80.8,,4560825
2025-09-04 13:48:49.906949+05:30,80.8,,4560825
2025-09-04 13:48:50.175147+05:30,81.95,,4560825
2025-09-04 13:48:50.677490+05:30,81.6,,4560825
2025-09-04 13:48:51.431442+05:30,81.95,,4560825
2025-09-04 13:48:51.688125+05:30,81.75,,4560825
2025-09-04 13:48:51.933189+05:30,81.7,,4560825
2025-09-04 13:48:52.500110+05:30,81.75,,4560825
2025-09-04 13:48:52.655654+05:30,82.0,,4560825
2025-09-04 13:48:53.429599+05:30,81.95,,4560825
2025-09-04 13:48:53.744748+05:30,82.5,,4560825
2025-09-04 13:48:54.213120+05:30,82.5,,4560825
2025-09-04 13:48:54.684740+05:30,82.65,,4560825
2025-09-04 13:48:55.157085+05:30,82.3,,4560825
2025-09-04 13:48:55.714316+05:30,82.5,,4560825
2025-09-04 13:48:56.557158+05:30,82.2,,4560825
2025-09-04 13:48:56.656675+05:30,82.25,,4560825
2025-09-04 13:48:56.907150+05:30,82.2,,4560825
2025-09-04 13:48:57.218504+05:30,82.05,,4560825
2025-09-04 13:48:57.734350+05:30,82.0,,4560825
2025-09-04 13:48:58.155948+05:30,82.25,,4560825
2025-09-04 13:48:58.463073+05:30,82.2,,4560825
2025-09-04 13:48:59.469281+05:30,82.3,,4560825
2025-09-04 13:48:59.701631+05:30,82.15,,4560825
2025-09-04 13:49:00.239779+05:30,82.4,,4560825
2025-09-04 13:49:00.408663+05:30,82.5,,4560825
2025-09-04 13:49:00.906554+05:30,82.4,,4560825
2025-09-04 13:49:01.444877+05:30,82.2,,4560825
2025-09-04 13:49:01.661686+05:30,82.9,,4560825
2025-09-04 13:49:01.921859+05:30,82.7,,4560825
2025-09-04 13:49:02.406945+05:30,82.65,,4560825
2025-09-04 13:49:02.711323+05:30,82.6,,4560825
2025-09-04 13:49:03.157468+05:30,82.2,,4560825
2025-09-04 13:49:03.477401+05:30,82.25,,4560825
2025-09-04 13:49:04.444713+05:30,82.1,,4560825
2025-09-04 13:49:04.696877+05:30,82.65,,4560825
2025-09-04 13:49:05.181745+05:30,82.2,,4560825
2025-09-04 13:49:05.727172+05:30,82.5,,4560825
2025-09-04 13:49:06.242913+05:30,82.7,,4560825
2025-09-04 13:49:06.703871+05:30,82.5,,4560825
2025-09-04 13:49:06.928092+05:30,82.15,,4560825
2025-09-04 13:49:07.542589+05:30,82.1,,4560825
2025-09-04 13:49:07.740037+05:30,82.05,,4560825
2025-09-04 13:49:08.156949+05:30,81.25,,4560825
2025-09-04 13:49:08.750151+05:30,81.45,,4560825
2025-09-04 13:49:09.215548+05:30,80.75,,4560825
2025-09-04 13:49:09.711750+05:30,80.75,,4560825
2025-09-04 13:49:10.182469+05:30,81.4,,4560825
2025-09-04 13:49:10.454883+05:30,81.2,,4560825
2025-09-04 13:49:10.705960+05:30,81.4,,4560825
2025-09-04 13:49:11.407016+05:30,81.9,,4560825
2025-09-04 13:49:11.694564+05:30,81.95,,4560825
2025-09-04 13:49:11.922635+05:30,82.0,,4560825
2025-09-04 13:49:12.421862+05:30,81.9,,4560825
2025-09-04 13:49:12.656933+05:30,82.1,,4560825
2025-09-04 13:49:13.502567+05:30,82.0,,4400775
2025-09-04 13:49:14.217784+05:30,81.7,,4400775
2025-09-04 13:49:14.744534+05:30,81.9,,4400775
2025-09-04 13:49:15.182441+05:30,82.35,,4400775
2025-09-04 13:49:15.656950+05:30,82.15,,4400775
2025-09-04 13:49:16.539859+05:30,79.8,,4400775
2025-09-04 13:49:16.704313+05:30,80.0,,4400775
2025-09-04 13:49:16.954520+05:30,80.0,,4400775
2025-09-04 13:49:17.183676+05:30,79.75,,4400775
2025-09-04 13:49:17.925252+05:30,80.1,,4400775
2025-09-04 13:49:18.261663+05:30,80.15,,4400775
2025-09-04 13:49:18.494413+05:30,80.35,,4400775
2025-09-04 13:49:19.190914+05:30,80.0,,4400775
2025-09-04 13:49:19.672138+05:30,80.05,,4400775
2025-09-04 13:49:20.200161+05:30,79.85,,4400775
2025-09-04 13:49:20.677338+05:30,80.0,,4400775
2025-09-04 13:49:21.459781+05:30,80.15,,4400775
2025-09-04 13:49:21.728518+05:30,80.1,,4400775
2025-09-04 13:49:21.906683+05:30,80.0,,4400775
2025-09-04 13:49:22.189190+05:30,80.0,,4400775
2025-09-04 13:49:22.751878+05:30,79.4,,4400775
2025-09-04 13:49:23.246769+05:30,79.45,,4400775
2025-09-04 13:49:23.493878+05:30,78.9,,4400775
2025-09-04 13:49:23.687736+05:30,78.9,,4400775
2025-09-04 13:49:24.484911+05:30,79.2,,4400775
2025-09-04 13:49:24.679555+05:30,79.6,,4400775
2025-09-04 13:49:25.151180+05:30,80.15,,4400775
2025-09-04 13:49:25.653378+05:30,80.3,,4400775
2025-09-04 13:49:26.449484+05:30,80.4,,4400775
2025-09-04 13:49:26.727842+05:30,80.2,,4400775
2025-09-04 13:49:26.907099+05:30,80.3,,4400775
2025-09-04 13:49:27.184250+05:30,80.5,,4400775
2025-09-04 13:49:27.690873+05:30,80.75,,4400775
2025-09-04 13:49:28.406680+05:30,80.1,,4400775
2025-09-04 13:49:28.678408+05:30,80.1,,4400775
2025-09-04 13:49:29.439829+05:30,80.35,,4400775
2025-09-04 13:49:29.684572+05:30,80.65,,4400775
2025-09-04 13:49:30.219199+05:30,80.5,,4400775
2025-09-04 13:49:30.901571+05:30,80.7,,4400775
2025-09-04 13:49:31.507295+05:30,80.45,,4400775
2025-09-04 13:49:31.709024+05:30,80.6,,4400775
2025-09-04 13:49:31.916981+05:30,80.7,,4400775
2025-09-04 13:49:32.157046+05:30,81.0,,4400775
2025-09-04 13:49:32.721330+05:30,81.1,,4400775
2025-09-04 13:49:33.422196+05:30,80.9,,4400775
2025-09-04 13:49:33.711382+05:30,80.95,,4400775
2025-09-04 13:49:34.162261+05:30,81.0,,4400775
2025-09-04 13:49:34.685688+05:30,81.0,,4400775
2025-09-04 13:49:35.205798+05:30,80.9,,4400775
2025-09-04 13:49:35.704339+05:30,81.35,,4400775
2025-09-04 13:49:36.192032+05:30,81.4,,4400775
2025-09-04 13:49:36.700168+05:30,81.75,,4400775
2025-09-04 13:49:36.932585+05:30,81.8,,4400775
2025-09-04 13:49:37.444527+05:30,81.7,,4400775
2025-09-04 13:49:37.688217+05:30,81.8,,4400775
2025-09-04 13:49:38.455261+05:30,82.0,,4400775
2025-09-04 13:49:38.688882+05:30,81.9,,4400775
2025-09-04 13:49:39.448408+05:30,81.55,,4400775
2025-09-04 13:49:39.737610+05:30,81.85,,4400775
2025-09-04 13:49:40.487806+05:30,81.55,,4400775
2025-09-04 13:49:40.728073+05:30,81.25,,4400775
2025-09-04 13:49:41.564467+05:30,81.15,,4400775
2025-09-04 13:49:41.720522+05:30,81.05,,4400775
2025-09-04 13:49:42.178539+05:30,80.5,,4400775
2025-09-04 13:49:42.655222+05:30,80.1,,4400775
2025-09-04 13:49:43.501389+05:30,79.55,,4400775
2025-09-04 13:49:43.655329+05:30,79.7,,4400775
2025-09-04 13:49:44.412936+05:30,79.8,,4400775
2025-09-04 13:49:44.724098+05:30,79.8,,4400775
2025-09-04 13:49:45.408755+05:30,79.35,,4400775
2025-09-04 13:49:45.658716+05:30,79.55,,4400775
2025-09-04 13:49:46.433483+05:30,79.2,,4400775
2025-09-04 13:49:46.671661+05:30,79.55,,4400775
2025-09-04 13:49:47.205087+05:30,79.3,,4400775
2025-09-04 13:49:47.733901+05:30,79.5,,4400775
2025-09-04 13:49:48.228599+05:30,79.5,,4400775
2025-09-04 13:49:48.687661+05:30,79.6,,4400775
2025-09-04 13:49:49.439986+05:30,79.7,,4400775
2025-09-04 13:49:49.655930+05:30,79.75,,4400775
2025-09-04 13:49:50.183237+05:30,79.55,,4400775
2025-09-04 13:49:50.690766+05:30,79.75,,4400775
2025-09-04 13:49:51.442798+05:30,79.85,,4400775
2025-09-04 13:49:51.716909+05:30,79.8,,4400775
2025-09-04 13:49:51.916914+05:30,79.8,,4400775
2025-09-04 13:49:52.178572+05:30,79.7,,4400775
2025-09-04 13:49:52.689603+05:30,79.55,,4400775
2025-09-04 13:49:53.173651+05:30,79.95,,4400775
2025-09-04 13:49:53.666200+05:30,80.25,,4400775
2025-09-04 13:49:54.184958+05:30,80.4,,4400775
2025-09-04 13:49:54.727882+05:30,80.3,,4400775
2025-09-04 13:49:55.406603+05:30,80.2,,4400775
2025-09-04 13:49:55.718087+05:30,80.5,,4400775
2025-09-04 13:49:56.406137+05:30,80.45,,4400775
2025-09-04 13:49:56.705781+05:30,80.55,,4400775
2025-09-04 13:49:56.921431+05:30,80.4,,4400775
2025-09-04 13:49:57.180464+05:30,80.1,,4400775
2025-09-04 13:49:57.483835+05:30,80.4,,4400775
2025-09-04 13:49:57.735850+05:30,80.3,,4400775
2025-09-04 13:49:58.219377+05:30,80.0,,4400775
2025-09-04 13:49:58.746247+05:30,79.45,,4400775
2025-09-04 13:49:59.172626+05:30,79.4,,4400775
2025-09-04 13:49:59.737913+05:30,79.65,,4400775
2025-09-04 13:50:00.168797+05:30,79.35,,4400775
2025-09-04 13:50:00.661180+05:30,79.75,,4400775
2025-09-04 13:50:01.429750+05:30,79.6,,4400775
2025-09-04 13:50:01.705715+05:30,79.6,,4400775
2025-09-04 13:50:01.927464+05:30,79.3,,4400775
2025-09-04 13:50:02.247064+05:30,79.35,,4400775
2025-09-04 13:50:02.651087+05:30,79.15,,4400775
2025-09-04 13:50:03.200243+05:30,79.3,,4400775
2025-09-04 13:50:03.743056+05:30,79.4,,4400775
2025-09-04 13:50:04.429602+05:30,79.4,,4400775
2025-09-04 13:50:04.758295+05:30,79.45,,4400775
2025-09-04 13:50:05.216545+05:30,79.5,,4400775
2025-09-04 13:50:05.668017+05:30,79.3,,4400775
2025-09-04 13:50:06.162977+05:30,79.65,,4400775
2025-09-04 13:50:06.706545+05:30,79.15,,4400775
2025-09-04 13:50:06.953888+05:30,79.25,,4400775
2025-09-04 13:50:07.210799+05:30,79.65,,4400775
2025-09-04 13:50:07.688359+05:30,79.7,,4400775
2025-09-04 13:50:08.486281+05:30,79.05,,4400775
2025-09-04 13:50:08.725031+05:30,79.0,,4400775
2025-09-04 13:50:09.526383+05:30,79.0,,4400775
2025-09-04 13:50:09.689758+05:30,79.2,,4400775
2025-09-04 13:50:10.409799+05:30,79.3,,4400775
2025-09-04 13:50:10.726383+05:30,79.35,,4400775
2025-09-04 13:50:11.210423+05:30,79.5,,4400775
2025-09-04 13:50:11.747146+05:30,79.25,,4400775
2025-09-04 13:50:11.923749+05:30,79.45,,4400775
2025-09-04 13:50:12.227686+05:30,79.6,,4400775
2025-09-04 13:50:12.737232+05:30,78.8,,4400775
2025-09-04 13:50:13.471990+05:30,78.45,,4400775
2025-09-04 13:50:13.690639+05:30,78.75,,4400775
2025-09-04 13:50:14.513196+05:30,78.65,,4400775
2025-09-04 13:50:14.741514+05:30,78.65,,4400775
2025-09-04 13:50:15.155768+05:30,78.25,,4400775
2025-09-04 13:50:15.736644+05:30,78.2,,4400775
2025-09-04 13:50:16.431982+05:30,78.0,,4400775
2025-09-04 13:50:16.654955+05:30,78.1,,4400775
2025-09-04 13:50:16.954402+05:30,78.9,,4400775
2025-09-04 13:50:17.273133+05:30,79.25,,4400775
2025-09-04 13:50:17.445641+05:30,79.8,,4400775
2025-09-04 13:50:17.752144+05:30,79.95,,4400775
2025-09-04 13:50:18.436526+05:30,79.8,,4400775
2025-09-04 13:50:18.721679+05:30,79.65,,4400775
2025-09-04 13:50:19.408125+05:30,80.5,,4400775
2025-09-04 13:50:19.747863+05:30,80.55,,4400775
2025-09-04 13:50:20.188550+05:30,80.75,,4400775
2025-09-04 13:50:20.704588+05:30,81.0,,4400775
2025-09-04 13:50:21.471204+05:30,81.0,,4400775
2025-09-04 13:50:21.722304+05:30,81.2,,4400775
2025-09-04 13:50:21.904896+05:30,81.75,,4400775
2025-09-04 13:50:22.197655+05:30,81.75,,4400775
2025-09-04 13:50:22.757808+05:30,81.9,,4400775
2025-09-04 13:50:23.560865+05:30,82.05,,4400775
2025-09-04 13:50:23.686463+05:30,81.95,,4400775
2025-09-04 13:50:24.185036+05:30,81.95,,4400775
2025-09-04 13:50:24.663166+05:30,82.3,,4400775
2025-09-04 13:50:25.444476+05:30,82.8,,4400775
2025-09-04 13:50:25.777357+05:30,82.85,,4400775
2025-09-04 13:50:26.155968+05:30,83.3,,4400775
2025-09-04 13:50:26.691521+05:30,83.15,,4400775
2025-09-04 13:50:26.954122+05:30,83.3,,4400775
2025-09-04 13:50:27.402316+05:30,83.8,,4400775
2025-09-04 13:50:27.749313+05:30,84.0,,4400775
2025-09-04 13:50:28.551933+05:30,84.1,,4400775
2025-09-04 13:50:28.719617+05:30,83.7,,4400775
2025-09-04 13:50:29.533615+05:30,82.8,,4400775
2025-09-04 13:50:29.719979+05:30,83.1,,4400775
2025-09-04 13:50:30.253312+05:30,82.8,,4400775
2025-09-04 13:50:30.720028+05:30,82.85,,4400775
2025-09-04 13:50:31.218674+05:30,82.6,,4400775
2025-09-04 13:50:31.737471+05:30,82.25,,4400775
2025-09-04 13:50:31.922734+05:30,82.35,,4400775
2025-09-04 13:50:32.482531+05:30,82.6,,4400775
2025-09-04 13:50:32.769185+05:30,82.4,,4400775
2025-09-04 13:50:33.470831+05:30,82.5,,4400775
2025-09-04 13:50:33.729276+05:30,82.3,,4400775
2025-09-04 13:50:34.188468+05:30,82.5,,4400775
2025-09-04 13:50:34.655566+05:30,82.6,,4400775
2025-09-04 13:50:35.196525+05:30,82.65,,4400775
2025-09-04 13:50:35.733814+05:30,82.25,,4400775
2025-09-04 13:50:36.405827+05:30,82.6,,4400775
2025-09-04 13:50:36.687766+05:30,82.35,,4400775
2025-09-04 13:50:36.976171+05:30,82.5,,4400775
2025-09-04 13:50:37.165634+05:30,82.5,,4400775
2025-09-04 13:50:37.751216+05:30,82.55,,4400775
2025-09-04 13:50:38.480325+05:30,82.55,,4400775
2025-09-04 13:50:38.696098+05:30,82.2,,4400775
2025-09-04 13:50:39.494154+05:30,81.6,,4400775
2025-09-04 13:50:39.668199+05:30,81.4,,4400775
2025-09-04 13:50:40.428302+05:30,81.2,,4400775
2025-09-04 13:50:40.716561+05:30,81.1,,4400775
2025-09-04 13:50:41.406034+05:30,81.05,,4400775
2025-09-04 13:50:41.678542+05:30,80.6,,4400775
2025-09-04 13:50:41.960721+05:30,80.9,,4400775
2025-09-04 13:50:42.156637+05:30,80.85,,4400775
2025-09-04 13:50:42.428792+05:30,80.55,,4400775
2025-09-04 13:50:42.678755+05:30,80.55,,4400775
2025-09-04 13:50:43.188697+05:30,80.3,,4400775
2025-09-04 13:50:43.662810+05:30,80.0,,4400775
2025-09-04 13:50:44.239206+05:30,79.85,,4400775
2025-09-04 13:50:44.718714+05:30,80.0,,4400775
2025-09-04 13:50:45.184860+05:30,80.15,,4400775
2025-09-04 13:50:45.744014+05:30,79.7,,4400775
2025-09-04 13:50:46.481686+05:30,80.35,,4400775
2025-09-04 13:50:46.689038+05:30,80.35,,4400775
2025-09-04 13:50:46.934904+05:30,80.3,,4400775
2025-09-04 13:50:47.224475+05:30,80.1,,4400775
2025-09-04 13:50:47.753992+05:30,80.05,,4400775
2025-09-04 13:50:48.463255+05:30,79.55,,4400775
2025-09-04 13:50:48.750318+05:30,79.35,,4400775
2025-09-04 13:50:49.159525+05:30,79.4,,4400775
2025-09-04 13:50:49.747009+05:30,79.35,,4400775
2025-09-04 13:50:50.429503+05:30,79.55,,4400775
2025-09-04 13:50:50.678859+05:30,79.5,,4400775
2025-09-04 13:50:51.428866+05:30,79.5,,4400775
2025-09-04 13:50:51.730954+05:30,79.6,,4400775
2025-09-04 13:50:51.967204+05:30,79.55,,4400775
2025-09-04 13:50:52.179083+05:30,79.6,,4400775
2025-09-04 13:50:52.448483+05:30,79.55,,4400775
2025-09-04 13:50:52.682836+05:30,79.55,,4400775
2025-09-04 13:50:53.558018+05:30,79.6,,4400775
2025-09-04 13:50:53.740254+05:30,79.65,,4400775
2025-09-04 13:50:54.511674+05:30,78.9,,4400775
2025-09-04 13:50:54.669396+05:30,79.15,,4400775
2025-09-04 13:50:55.200654+05:30,79.1,,4400775
2025-09-04 13:50:55.504365+05:30,79.25,,4400775
2025-09-04 13:50:55.762822+05:30,79.4,,4400775
2025-09-04 13:50:56.427145+05:30,79.7,,4400775
2025-09-04 13:50:56.717551+05:30,79.25,,4400775
2025-09-04 13:50:56.958273+05:30,79.1,,4400775
2025-09-04 13:50:57.183538+05:30,78.95,,4400775
2025-09-04 13:50:57.454268+05:30,79.1,,4400775
2025-09-04 13:50:57.703370+05:30,79.05,,4400775
2025-09-04 13:50:58.458805+05:30,79.35,,4400775
2025-09-04 13:50:58.707340+05:30,79.85,,4400775
2025-09-04 13:50:59.427642+05:30,79.7,,4400775
2025-09-04 13:50:59.703693+05:30,79.55,,4400775
2025-09-04 13:51:00.155252+05:30,79.4,,4400775
2025-09-04 13:51:00.775773+05:30,79.25,,4400775
2025-09-04 13:51:01.191705+05:30,78.45,,4400775
2025-09-04 13:51:01.704874+05:30,78.4,,4400775
2025-09-04 13:51:01.935877+05:30,78.6,,4400775
2025-09-04 13:51:02.203682+05:30,78.35,,4400775
2025-09-04 13:51:02.449784+05:30,78.9,,4400775
2025-09-04 13:51:02.744223+05:30,78.85,,4400775
2025-09-04 13:51:03.180662+05:30,78.6,,4400775
2025-09-04 13:51:03.699253+05:30,78.85,,4400775
2025-09-04 13:51:04.541539+05:30,78.35,,4400775
2025-09-04 13:51:04.682078+05:30,78.05,,4400775
2025-09-04 13:51:05.172375+05:30,78.55,,4400775
2025-09-04 13:51:05.707704+05:30,78.35,,4400775
2025-09-04 13:51:06.172836+05:30,78.25,,4400775
2025-09-04 13:51:06.676790+05:30,77.75,,4400775
2025-09-04 13:51:06.921493+05:30,77.15,,4400775
2025-09-04 13:51:07.183169+05:30,77.4,,4400775
2025-09-04 13:51:07.448284+05:30,77.35,,4400775
2025-09-04 13:51:07.716098+05:30,77.5,,4400775
2025-09-04 13:51:08.203749+05:30,77.2,,4400775
2025-09-04 13:51:08.557672+05:30,77.0,,4400775
2025-09-04 13:51:08.702493+05:30,76.8,,4400775
2025-09-04 13:51:09.430886+05:30,76.95,,4400775
2025-09-04 13:51:09.689115+05:30,76.9,,4400775
2025-09-04 13:51:10.184716+05:30,77.25,,4400775
2025-09-04 13:51:10.488796+05:30,77.35,,4400775
2025-09-04 13:51:10.714002+05:30,77.05,,4400775
2025-09-04 13:51:11.173025+05:30,77.2,,4400775
2025-09-04 13:51:11.696907+05:30,77.2,,4400775
2025-09-04 13:51:11.916089+05:30,77.2,,4400775
2025-09-04 13:51:12.237571+05:30,76.9,,4400775
2025-09-04 13:51:12.671840+05:30,76.95,,4400775
2025-09-04 13:51:13.432771+05:30,77.3,,4400775
2025-09-04 13:51:13.678418+05:30,77.85,,4400775
2025-09-04 13:51:14.453219+05:30,77.9,,4400775
2025-09-04 13:51:14.696161+05:30,78.3,,4400775
2025-09-04 13:51:15.172942+05:30,78.05,,4400775
2025-09-04 13:51:15.405582+05:30,78.0,,4400775
2025-09-04 13:51:15.747072+05:30,78.1,,4400775
2025-09-04 13:51:16.177910+05:30,78.15,,4400775
2025-09-04 13:51:16.726275+05:30,78.0,,4400775
2025-09-04 13:51:16.904275+05:30,78.05,,4400775
2025-09-04 13:51:17.232464+05:30,77.9,,4400775
2025-09-04 13:51:17.464934+05:30,78.1,,4400775
2025-09-04 13:51:17.761669+05:30,77.95,,4400775
2025-09-04 13:51:18.460641+05:30,78.25,,4400775
2025-09-04 13:51:18.693278+05:30,78.25,,4400775
2025-09-04 13:51:19.483421+05:30,78.0,,4400775
2025-09-04 13:51:19.751899+05:30,78.15,,4400775
2025-09-04 13:51:20.195316+05:30,78.25,,4400775
2025-09-04 13:51:20.463270+05:30,77.65,,4400775
2025-09-04 13:51:20.746600+05:30,77.0,,4400775
2025-09-04 13:51:21.493346+05:30,77.0,,4400775
2025-09-04 13:51:21.718793+05:30,77.15,,4400775
2025-09-04 13:51:21.926942+05:30,77.25,,4400775
2025-09-04 13:51:22.163582+05:30,77.0,,4400775
2025-09-04 13:51:22.742380+05:30,77.1,,4400775
2025-09-04 13:51:23.156162+05:30,77.2,,4400775
2025-09-04 13:51:23.466071+05:30,77.25,,4400775
2025-09-04 13:51:23.654195+05:30,76.95,,4400775
2025-09-04 13:51:24.507015+05:30,76.1,,4400775
2025-09-04 13:51:24.674060+05:30,76.15,,4400775
2025-09-04 13:51:25.183574+05:30,75.85,,4400775
2025-09-04 13:51:25.439206+05:30,75.95,,4400775
2025-09-04 13:51:25.740633+05:30,76.2,,4400775
2025-09-04 13:51:26.505468+05:30,76.1,,4400775
2025-09-04 13:51:26.767833+05:30,76.4,,4400775
2025-09-04 13:51:26.910337+05:30,76.25,,4400775
2025-09-04 13:51:27.182524+05:30,76.3,,4400775
2025-09-04 13:51:27.727635+05:30,76.25,,4400775
2025-09-04 13:51:28.456062+05:30,76.4,,4400775
2025-09-04 13:51:28.761232+05:30,76.4,,4400775
2025-09-04 13:51:29.463853+05:30,77.15,,4400775
2025-09-04 13:51:29.708574+05:30,76.75,,4400775
2025-09-04 13:51:30.434741+05:30,76.85,,4400775
2025-09-04 13:51:30.720632+05:30,77.15,,4400775
2025-09-04 13:51:31.220220+05:30,77.6,,4400775
2025-09-04 13:51:31.721440+05:30,77.45,,4400775
2025-09-04 13:51:32.155584+05:30,77.6,,4400775
2025-09-04 13:51:32.527862+05:30,77.7,,4400775
2025-09-04 13:51:32.702940+05:30,77.5,,4400775
2025-09-04 13:51:33.484510+05:30,77.4,,4400775
2025-09-04 13:51:33.723613+05:30,77.45,,4400775
2025-09-04 13:51:34.149898+05:30,77.65,,4400775
2025-09-04 13:51:34.743014+05:30,77.7,,4400775
2025-09-04 13:51:35.453260+05:30,77.55,,4400775
2025-09-04 13:51:35.655201+05:30,77.95,,4400775
2025-09-04 13:51:36.435275+05:30,77.45,,4400775
2025-09-04 13:51:36.747676+05:30,77.8,,4400775
2025-09-04 13:51:37.165105+05:30,77.9,,4400775
2025-09-04 13:51:37.422887+05:30,77.7,,4400775
2025-09-04 13:51:37.651134+05:30,77.8,,4400775
2025-09-04 13:51:38.189664+05:30,78.0,,4400775
2025-09-04 13:51:38.762124+05:30,78.3,,4400775
2025-09-04 13:51:39.438282+05:30,78.0,,4400775
2025-09-04 13:51:39.665998+05:30,78.4,,4400775
2025-09-04 13:51:40.472597+05:30,78.0,,4400775
2025-09-04 13:51:40.654215+05:30,78.25,,4400775
2025-09-04 13:51:41.421408+05:30,78.15,,4400775
2025-09-04 13:51:41.762129+05:30,78.0,,4400775
2025-09-04 13:51:42.228305+05:30,77.95,,4400775
2025-09-04 13:51:42.441119+05:30,77.85,,4400775
2025-09-04 13:51:42.652134+05:30,77.9,,4400775
2025-09-04 13:51:43.198907+05:30,77.45,,4400775
2025-09-04 13:51:43.680119+05:30,77.45,,4400775
2025-09-04 13:51:44.212813+05:30,77.2,,4400775
2025-09-04 13:51:44.653997+05:30,77.7,,4400775
2025-09-04 13:51:45.471011+05:30,77.7,,4400775
2025-09-04 13:51:45.716124+05:30,77.9,,4400775
2025-09-04 13:51:46.158340+05:30,78.2,,4400775
2025-09-04 13:51:46.660641+05:30,78.4,,4400775
2025-09-04 13:51:47.225869+05:30,78.1,,4400775
2025-09-04 13:51:47.478235+05:30,78.2,,4400775
2025-09-04 13:51:47.693165+05:30,78.2,,4400775
2025-09-04 13:51:48.431954+05:30,78.15,,4400775
2025-09-04 13:51:48.655776+05:30,78.15,,4400775
2025-09-04 13:51:49.449649+05:30,78.5,,4400775
2025-09-04 13:51:49.731213+05:30,78.65,,4400775
2025-09-04 13:51:50.487904+05:30,78.75,,4400775
2025-09-04 13:51:50.760704+05:30,78.65,,4400775
2025-09-04 13:51:51.426466+05:30,77.95,,4400775
2025-09-04 13:51:51.713346+05:30,78.15,,4400775
2025-09-04 13:51:52.198181+05:30,78.0,,4400775
2025-09-04 13:51:52.495557+05:30,77.65,,4400775
2025-09-04 13:51:52.702563+05:30,77.55,,4400775
2025-09-04 13:51:53.472432+05:30,77.35,,4400775
2025-09-04 13:51:53.712762+05:30,77.7,,4400775
2025-09-04 13:51:54.215021+05:30,76.8,,4400775
2025-09-04 13:51:54.702652+05:30,76.25,,4400775
2025-09-04 13:51:55.429839+05:30,76.3,,4400775
2025-09-04 13:51:55.697417+05:30,76.6,,4400775
2025-09-04 13:51:56.467005+05:30,76.7,,4400775
2025-09-04 13:51:56.670500+05:30,76.8,,4400775
2025-09-04 13:51:57.216859+05:30,76.75,,4400775
2025-09-04 13:51:57.399341+05:30,76.75,,4400775
2025-09-04 13:51:57.730612+05:30,76.8,,4400775
2025-09-04 13:51:58.493107+05:30,76.8,,4400775
2025-09-04 13:51:58.728610+05:30,76.65,,4400775
2025-09-04 13:51:58.903706+05:30,76.6,,4400775
2025-09-04 13:51:59.188566+05:30,76.35,,4400775
2025-09-04 13:51:59.680090+05:30,76.5,,4400775
2025-09-04 13:52:00.449690+05:30,75.8,,4400775
2025-09-04 13:52:00.693341+05:30,75.9,,4400775
2025-09-04 13:52:01.181120+05:30,75.9,,4400775
2025-09-04 13:52:01.719004+05:30,75.9,,4400775
2025-09-04 13:52:02.203923+05:30,75.65,,4400775
2025-09-04 13:52:02.497129+05:30,75.75,,4400775
2025-09-04 13:52:02.690219+05:30,75.55,,4400775
2025-09-04 13:52:03.468274+05:30,75.35,,4400775
2025-09-04 13:52:03.709754+05:30,75.35,,4400775
2025-09-04 13:52:03.904894+05:30,75.35,,4400775
2025-09-04 13:52:04.451749+05:30,75.25,,4400775
2025-09-04 13:52:04.755161+05:30,75.35,,4400775
2025-09-04 13:52:05.180410+05:30,74.4,,4400775
2025-09-04 13:52:05.686695+05:30,74.75,,4400775
2025-09-04 13:52:06.193212+05:30,74.4,,4400775
2025-09-04 13:52:06.669829+05:30,74.65,,4400775
2025-09-04 13:52:07.199100+05:30,74.55,,4400775
2025-09-04 13:52:07.696814+05:30,74.25,,4400775
2025-09-04 13:52:08.492237+05:30,74.1,,4400775
2025-09-04 13:52:08.723385+05:30,74.0,,4400775
2025-09-04 13:52:09.254079+05:30,73.4,,4400775
2025-09-04 13:52:09.757789+05:30,73.15,,4400775
2025-09-04 13:52:10.187050+05:30,73.7,,4400775
2025-09-04 13:52:10.481521+05:30,73.7,,4400775
2025-09-04 13:52:10.706598+05:30,73.4,,4400775
2025-09-04 13:52:11.154876+05:30,73.75,,4400775
2025-09-04 13:52:11.739782+05:30,73.95,,4400775
2025-09-04 13:52:12.188718+05:30,74.2,,4400775
2025-09-04 13:52:12.686821+05:30,74.55,,4400775
2025-09-04 13:52:13.236715+05:30,74.55,,4369425
2025-09-04 13:52:13.703525+05:30,74.5,,4369425
2025-09-04 13:52:14.404263+05:30,74.3,,4369425
2025-09-04 13:52:14.729430+05:30,74.55,,4369425
2025-09-04 13:52:15.443477+05:30,74.75,,4369425
2025-09-04 13:52:15.653933+05:30,74.45,,4369425
2025-09-04 13:52:16.209702+05:30,73.9,,4369425
2025-09-04 13:52:16.728817+05:30,74.0,,4369425
2025-09-04 13:52:17.193317+05:30,74.45,,4369425
2025-09-04 13:52:17.481167+05:30,74.2,,4369425
2025-09-04 13:52:17.721172+05:30,74.55,,4369425
2025-09-04 13:52:18.421378+05:30,73.9,,4369425
2025-09-04 13:52:18.734428+05:30,74.35,,4369425
2025-09-04 13:52:18.916965+05:30,74.25,,4369425
2025-09-04 13:52:19.155046+05:30,74.55,,4369425
2025-09-04 13:52:19.713178+05:30,74.7,,4369425
2025-09-04 13:52:20.173133+05:30,74.7,,4369425
2025-09-04 13:52:20.489653+05:30,74.5,,4369425
2025-09-04 13:52:20.720172+05:30,74.45,,4369425
2025-09-04 13:52:21.526474+05:30,73.45,,4369425
2025-09-04 13:52:21.721579+05:30,73.55,,4369425
2025-09-04 13:52:22.226014+05:30,73.3,,4369425
2025-09-04 13:52:22.703960+05:30,73.05,,4369425
2025-09-04 13:52:23.177412+05:30,71.9,,4369425
2025-09-04 13:52:23.789414+05:30,71.95,,4369425
2025-09-04 13:52:24.271882+05:30,72.35,,4369425
2025-09-04 13:52:24.741536+05:30,72.75,,4369425
2025-09-04 13:52:25.399149+05:30,72.8,,4369425
2025-09-04 13:52:25.661139+05:30,73.0,,4369425
2025-09-04 13:52:26.463037+05:30,72.55,,4369425
2025-09-04 13:52:26.711843+05:30,72.5,,4369425
2025-09-04 13:52:27.220944+05:30,72.6,,4369425
2025-09-04 13:52:27.483072+05:30,72.7,,4369425
2025-09-04 13:52:27.692344+05:30,72.8,,4369425
2025-09-04 13:52:28.224015+05:30,72.55,,4369425
2025-09-04 13:52:28.745579+05:30,72.5,,4369425
2025-09-04 13:52:28.949580+05:30,72.5,,4369425
2025-09-04 13:52:29.279195+05:30,72.6,,4369425
2025-09-04 13:52:29.660356+05:30,72.35,,4369425
2025-09-04 13:52:30.469904+05:30,73.35,,4369425
2025-09-04 13:52:30.649918+05:30,73.3,,4369425
2025-09-04 13:52:31.182023+05:30,72.95,,4369425
2025-09-04 13:52:31.766963+05:30,72.95,,4369425
2025-09-04 13:52:32.224992+05:30,72.65,,4369425
2025-09-04 13:52:32.654939+05:30,72.7,,4369425
2025-09-04 13:52:33.184744+05:30,71.95,,4369425
2025-09-04 13:52:33.698436+05:30,71.8,,4369425
2025-09-04 13:52:33.957934+05:30,71.5,,4369425
2025-09-04 13:52:34.424943+05:30,72.1,,4369425
2025-09-04 13:52:34.654952+05:30,72.55,,4369425
2025-09-04 13:52:35.171553+05:30,72.5,,4369425
2025-09-04 13:52:35.475715+05:30,72.5,,4369425
2025-09-04 13:52:35.670102+05:30,72.45,,4369425
2025-09-04 13:52:36.154787+05:30,72.0,,4369425
2025-09-04 13:52:36.703908+05:30,71.9,,4369425
2025-09-04 13:52:37.174312+05:30,71.6,,4369425
2025-09-04 13:52:37.517260+05:30,71.7,,4369425
2025-09-04 13:52:37.746373+05:30,71.85,,4369425
2025-09-04 13:52:38.479290+05:30,71.75,,4369425
2025-09-04 13:52:38.751675+05:30,71.8,,4369425
2025-09-04 13:52:38.920443+05:30,72.0,,4369425
2025-09-04 13:52:39.495145+05:30,72.15,,4369425
2025-09-04 13:52:39.736005+05:30,72.25,,4369425
2025-09-04 13:52:40.520097+05:30,72.8,,4369425
2025-09-04 13:52:40.682734+05:30,72.85,,4369425
2025-09-04 13:52:41.176575+05:30,72.4,,4369425
2025-09-04 13:52:41.746778+05:30,72.8,,4369425
2025-09-04 13:52:42.197780+05:30,72.45,,4369425
2025-09-04 13:52:42.517517+05:30,72.45,,4369425
2025-09-04 13:52:42.732491+05:30,72.75,,4369425
2025-09-04 13:52:43.161591+05:30,72.95,,4369425
2025-09-04 13:52:43.698005+05:30,72.75,,4369425
2025-09-04 13:52:43.930745+05:30,72.25,,4369425
2025-09-04 13:52:44.437864+05:30,72.6,,4369425
2025-09-04 13:52:44.722953+05:30,72.9,,4369425
2025-09-04 13:52:45.501037+05:30,73.2,,4369425
2025-09-04 13:52:45.728592+05:30,73.0,,4369425
2025-09-04 13:52:46.171313+05:30,72.8,,4369425
2025-09-04 13:52:46.653490+05:30,73.25,,4369425
2025-09-04 13:52:47.246058+05:30,73.8,,4369425
2025-09-04 13:52:47.398462+05:30,73.65,,4369425
2025-09-04 13:52:47.658484+05:30,73.7,,4369425
2025-09-04 13:52:48.512387+05:30,73.8,,4369425
2025-09-04 13:52:48.666372+05:30,73.65,,4369425
2025-09-04 13:52:48.974144+05:30,73.55,,4369425
2025-09-04 13:52:49.459371+05:30,73.25,,4369425
2025-09-04 13:52:49.730189+05:30,73.35,,4369425
2025-09-04 13:52:50.444120+05:30,73.5,,4369425
2025-09-04 13:52:50.678177+05:30,73.6,,4369425
2025-09-04 13:52:51.437912+05:30,73.5,,4369425
2025-09-04 13:52:51.725820+05:30,73.6,,4369425
2025-09-04 13:52:51.943819+05:30,73.6,,4369425
2025-09-04 13:52:52.246314+05:30,73.55,,4369425
2025-09-04 13:52:52.734430+05:30,73.8,,4369425
2025-09-04 13:52:53.425140+05:30,74.25,,4369425
2025-09-04 13:52:53.755796+05:30,74.5,,4369425
2025-09-04 13:52:53.948487+05:30,74.65,,4369425
2025-09-04 13:52:54.509495+05:30,74.7,,4369425
2025-09-04 13:52:54.670789+05:30,74.6,,4369425
2025-09-04 13:52:55.154498+05:30,74.3,,4369425
2025-09-04 13:52:55.653298+05:30,74.45,,4369425
2025-09-04 13:52:56.404916+05:30,74.2,,4369425
2025-09-04 13:52:56.704556+05:30,74.3,,4369425
2025-09-04 13:52:56.962437+05:30,74.2,,4369425
2025-09-04 13:52:57.203905+05:30,74.9,,4369425
2025-09-04 13:52:57.509541+05:30,75.15,,4369425
2025-09-04 13:52:57.678364+05:30,75.0,,4369425
2025-09-04 13:52:58.761866+05:30,74.65,,4369425
2025-09-04 13:52:58.935733+05:30,74.8,,4369425
2025-09-04 13:52:59.547644+05:30,74.7,,4369425
2025-09-04 13:52:59.736296+05:30,74.95,,4369425
2025-09-04 13:53:00.506746+05:30,74.6,,4369425
2025-09-04 13:53:00.763720+05:30,74.6,,4369425
2025-09-04 13:53:01.465381+05:30,74.4,,4369425
2025-09-04 13:53:01.675496+05:30,74.5,,4369425
2025-09-04 13:53:01.972977+05:30,74.65,,4369425
2025-09-04 13:53:02.221991+05:30,74.6,,4369425
2025-09-04 13:53:02.762111+05:30,74.4,,4369425
2025-09-04 13:53:03.424562+05:30,74.9,,4369425
2025-09-04 13:53:03.734586+05:30,74.9,,4369425
2025-09-04 13:53:04.000988+05:30,75.25,,4369425
2025-09-04 13:53:04.400057+05:30,75.4,,4369425
2025-09-04 13:53:04.740496+05:30,75.3,,4369425
2025-09-04 13:53:05.153662+05:30,75.25,,4369425
2025-09-04 13:53:05.442358+05:30,75.2,,4369425
2025-09-04 13:53:05.749589+05:30,75.25,,4369425
2025-09-04 13:53:06.425646+05:30,75.05,,4369425
2025-09-04 13:53:06.759031+05:30,75.05,,4369425
2025-09-04 13:53:06.967931+05:30,75.05,,4369425
2025-09-04 13:53:07.171840+05:30,75.25,,4369425
2025-09-04 13:53:07.674753+05:30,75.25,,4369425
2025-09-04 13:53:08.450592+05:30,75.1,,4369425
2025-09-04 13:53:08.694742+05:30,75.0,,4369425
2025-09-04 13:53:08.903799+05:30,75.1,,4369425
2025-09-04 13:53:09.467684+05:30,75.05,,4369425
2025-09-04 13:53:09.754301+05:30,75.1,,4369425
2025-09-04 13:53:10.496608+05:30,75.35,,4369425
2025-09-04 13:53:10.691085+05:30,75.35,,4369425
2025-09-04 13:53:11.530104+05:30,75.25,,4369425
2025-09-04 13:53:11.787683+05:30,75.3,,4369425
2025-09-04 13:53:11.949926+05:30,75.3,,4369425
2025-09-04 13:53:12.153522+05:30,75.25,,4369425
2025-09-04 13:53:12.658532+05:30,75.35,,4369425
2025-09-04 13:53:13.746697+05:30,74.8,,4369425
2025-09-04 13:53:13.997961+05:30,74.5,,4369425
2025-09-04 13:53:14.513970+05:30,74.05,,4369425
2025-09-04 13:53:14.761318+05:30,73.9,,4369425
2025-09-04 13:53:15.188867+05:30,73.65,,4369425
2025-09-04 13:53:15.431839+05:30,73.8,,4369425
2025-09-04 13:53:15.653226+05:30,73.75,,4369425
2025-09-04 13:53:16.443260+05:30,73.25,,4369425
2025-09-04 13:53:16.749427+05:30,73.45,,4369425
2025-09-04 13:53:16.967627+05:30,73.45,,4369425
2025-09-04 13:53:17.447191+05:30,73.65,,4369425
2025-09-04 13:53:17.735947+05:30,73.7,,4369425
2025-09-04 13:53:18.455831+05:30,73.65,,4369425
2025-09-04 13:53:18.723824+05:30,73.65,,4369425
2025-09-04 13:53:18.903136+05:30,73.45,,4369425
2025-09-04 13:53:19.483058+05:30,73.6,,4369425
2025-09-04 13:53:19.653466+05:30,73.55,,4369425
2025-09-04 13:53:20.442539+05:30,73.5,,4369425
2025-09-04 13:53:20.653308+05:30,73.4,,4369425
2025-09-04 13:53:21.488479+05:30,73.0,,4369425
2025-09-04 13:53:21.719401+05:30,73.0,,4369425
2025-09-04 13:53:21.947348+05:30,73.0,,4369425
2025-09-04 13:53:22.516027+05:30,72.95,,4369425
2025-09-04 13:53:22.653170+05:30,72.95,,4369425
2025-09-04 13:53:23.703856+05:30,72.85,,4369425
2025-09-04 13:53:23.947870+05:30,72.7,,4369425
2025-09-04 13:53:24.481877+05:30,72.6,,4369425
2025-09-04 13:53:24.776062+05:30,72.35,,4369425
2025-09-04 13:53:25.485588+05:30,72.0,,4369425
2025-09-04 13:53:25.689136+05:30,71.7,,4369425
2025-09-04 13:53:26.437029+05:30,71.35,,4369425
2025-09-04 13:53:26.736498+05:30,71.6,,4369425
2025-09-04 13:53:26.898982+05:30,71.45,,4369425
2025-09-04 13:53:27.473780+05:30,71.45,,4369425
2025-09-04 13:53:27.653305+05:30,71.4,,4369425
2025-09-04 13:53:28.675734+05:30,71.3,,4369425
2025-09-04 13:53:28.941066+05:30,71.15,,4369425
2025-09-04 13:53:29.424839+05:30,71.85,,4369425
2025-09-04 13:53:29.708865+05:30,71.6,,4369425
2025-09-04 13:53:30.494226+05:30,71.65,,4369425
2025-09-04 13:53:30.914945+05:30,71.7,,4369425
2025-09-04 13:53:31.499612+05:30,72.05,,4369425
2025-09-04 13:53:31.925362+05:30,72.15,,4369425
2025-09-04 13:53:32.435712+05:30,71.95,,4369425
2025-09-04 13:53:32.653967+05:30,72.2,,4369425
2025-09-04 13:53:33.446711+05:30,72.5,,4369425
2025-09-04 13:53:33.767400+05:30,72.6,,4369425
2025-09-04 13:53:33.985154+05:30,72.65,,4369425
2025-09-04 13:53:34.485175+05:30,72.6,,4369425
2025-09-04 13:53:34.973404+05:30,73.15,,4369425
2025-09-04 13:53:35.488863+05:30,73.2,,4369425
2025-09-04 13:53:36.004341+05:30,73.2,,4369425
2025-09-04 13:53:36.470980+05:30,73.5,,4369425
2025-09-04 13:53:36.940237+05:30,73.6,,4369425
2025-09-04 13:53:37.485767+05:30,73.6,,4369425
2025-09-04 13:53:37.951550+05:30,73.5,,4369425
2025-09-04 13:53:38.448715+05:30,73.1,,4369425
2025-09-04 13:53:38.980590+05:30,73.6,,4369425
2025-09-04 13:53:39.425722+05:30,73.55,,4369425
2025-09-04 13:53:39.974918+05:30,73.45,,4369425
2025-09-04 13:53:40.480618+05:30,73.6,,4369425
2025-09-04 13:53:40.984203+05:30,73.95,,4369425
2025-09-04 13:53:41.652952+05:30,74.05,,4369425
2025-09-04 13:53:41.926095+05:30,73.7,,4369425
2025-09-04 13:53:42.175772+05:30,73.85,,4369425
2025-09-04 13:53:42.428598+05:30,73.85,,4369425
2025-09-04 13:53:42.962591+05:30,74.1,,4369425
2025-09-04 13:53:43.481301+05:30,73.85,,4369425
2025-09-04 13:53:43.985992+05:30,73.75,,4369425
2025-09-04 13:53:44.492693+05:30,74.0,,4369425
2025-09-04 13:53:44.930141+05:30,74.3,,4369425
2025-09-04 13:53:45.487813+05:30,74.1,,4369425
2025-09-04 13:53:45.997473+05:30,74.1,,4369425
2025-09-04 13:53:46.444397+05:30,73.85,,4369425
2025-09-04 13:53:46.922286+05:30,74.1,,4369425
2025-09-04 13:53:47.197205+05:30,74.2,,4369425
2025-09-04 13:53:47.648690+05:30,74.2,,4369425
2025-09-04 13:53:47.947685+05:30,74.3,,4369425
2025-09-04 13:53:48.498183+05:30,74.6,,4369425
2025-09-04 13:53:48.662401+05:30,74.6,,4369425
2025-09-04 13:53:49.001057+05:30,74.6,,4369425
2025-09-04 13:53:49.473564+05:30,74.35,,4369425
2025-09-04 13:53:49.968386+05:30,74.5,,4369425
2025-09-04 13:53:50.752261+05:30,74.5,,4369425
2025-09-04 13:53:50.987585+05:30,74.35,,4369425
2025-09-04 13:53:51.477222+05:30,74.3,,4369425
2025-09-04 13:53:51.956688+05:30,74.5,,4369425
2025-09-04 13:53:52.227234+05:30,74.5,,4369425
2025-09-04 13:53:52.919499+05:30,74.45,,4369425
2025-09-04 13:53:53.454469+05:30,74.1,,4369425
2025-09-04 13:53:53.691151+05:30,73.7,,4369425
2025-09-04 13:53:53.974103+05:30,73.7,,4369425
2025-09-04 13:53:54.425677+05:30,73.75,,4369425
2025-09-04 13:53:54.989132+05:30,73.55,,4369425
2025-09-04 13:53:55.161066+05:30,73.55,,4369425
2025-09-04 13:53:55.484917+05:30,73.6,,4369425
2025-09-04 13:53:55.782493+05:30,73.2,,4369425
2025-09-04 13:53:56.524063+05:30,73.5,,4369425
2025-09-04 13:53:56.948009+05:30,73.55,,4369425
2025-09-04 13:53:57.480887+05:30,73.3,,4369425
2025-09-04 13:53:57.942849+05:30,73.2,,4369425
2025-09-04 13:53:58.416032+05:30,73.05,,4369425
2025-09-04 13:53:58.778233+05:30,73.2,,4369425
2025-09-04 13:53:59.154746+05:30,73.1,,4369425
2025-09-04 13:53:59.406285+05:30,73.15,,4369425
2025-09-04 13:53:59.915598+05:30,73.4,,4369425
2025-09-04 13:54:00.441857+05:30,73.3,,4369425
2025-09-04 13:54:00.717925+05:30,73.3,,4369425
2025-09-04 13:54:00.915742+05:30,73.3,,4369425
2025-09-04 13:54:01.426331+05:30,73.35,,4369425
2025-09-04 13:54:01.948586+05:30,73.25,,4369425
2025-09-04 13:54:02.176022+05:30,73.35,,4369425
2025-09-04 13:54:02.444687+05:30,73.35,,4369425
2025-09-04 13:54:02.953127+05:30,73.35,,4369425
2025-09-04 13:54:03.405157+05:30,73.25,,4369425
2025-09-04 13:54:03.756075+05:30,73.4,,4369425
2025-09-04 13:54:03.974591+05:30,72.9,,4369425
2025-09-04 13:54:04.492408+05:30,72.9,,4369425
2025-09-04 13:54:04.947764+05:30,72.45,,4369425
2025-09-04 13:54:05.175946+05:30,72.55,,4369425
2025-09-04 13:54:05.445649+05:30,72.8,,4369425
2025-09-04 13:54:05.769459+05:30,72.8,,4369425
2025-09-04 13:54:06.773228+05:30,73.1,,4369425
2025-09-04 13:54:06.951046+05:30,72.85,,4369425
2025-09-04 13:54:07.652708+05:30,73.2,,4369425
2025-09-04 13:54:07.926566+05:30,73.05,,4369425
2025-09-04 13:54:08.447079+05:30,73.2,,4369425
2025-09-04 13:54:08.682216+05:30,72.95,,4369425
2025-09-04 13:54:08.924082+05:30,73.0,,4369425
2025-09-04 13:54:09.427413+05:30,72.7,,4369425
2025-09-04 13:54:09.948068+05:30,72.9,,4369425
2025-09-04 13:54:10.176774+05:30,73.0,,4369425
2025-09-04 13:54:10.486504+05:30,72.7,,4369425
2025-09-04 13:54:10.763815+05:30,72.7,,4369425
2025-09-04 13:54:11.447540+05:30,73.1,,4369425
2025-09-04 13:54:11.951331+05:30,73.3,,4369425
2025-09-04 13:54:12.218310+05:30,72.9,,4369425
2025-09-04 13:54:12.451317+05:30,72.9,,4369425
2025-09-04 13:54:12.923775+05:30,72.8,,4369425
2025-09-04 13:54:13.761490+05:30,73.0,,4369425
2025-09-04 13:54:13.951540+05:30,73.0,,4369425
2025-09-04 13:54:14.419175+05:30,72.8,,4369425
2025-09-04 13:54:14.959267+05:30,72.9,,4369425
2025-09-04 13:54:15.487043+05:30,72.85,,4369425
2025-09-04 13:54:15.737777+05:30,72.85,,4369425
2025-09-04 13:54:16.425520+05:30,72.55,,4369425
2025-09-04 13:54:16.923757+05:30,72.4,,4369425
2025-09-04 13:54:17.446796+05:30,72.3,,4369425
2025-09-04 13:54:17.976995+05:30,72.5,,4369425
2025-09-04 13:54:18.453328+05:30,72.3,,4369425
2025-09-04 13:54:18.773497+05:30,72.45,,4369425
2025-09-04 13:54:18.950466+05:30,72.45,,4369425
2025-09-04 13:54:19.435225+05:30,72.25,,4369425
2025-09-04 13:54:19.935163+05:30,72.65,,4369425
2025-09-04 13:54:20.466925+05:30,72.3,,4369425
2025-09-04 13:54:20.785126+05:30,72.25,,4369425
2025-09-04 13:54:21.470236+05:30,72.9,,4369425
2025-09-04 13:54:21.952701+05:30,72.8,,4369425
2025-09-04 13:54:22.686955+05:30,72.3,,4369425
2025-09-04 13:54:22.908707+05:30,71.9,,4369425
2025-09-04 13:54:23.450289+05:30,72.1,,4369425
2025-09-04 13:54:23.765220+05:30,72.1,,4369425
2025-09-04 13:54:24.175291+05:30,72.4,,4369425
2025-09-04 13:54:24.423990+05:30,72.25,,4369425
2025-09-04 13:54:24.945871+05:30,72.3,,4369425
2025-09-04 13:54:25.501104+05:30,71.9,,4369425
2025-09-04 13:54:25.763516+05:30,71.65,,4369425
2025-09-04 13:54:26.422678+05:30,71.95,,4369425
2025-09-04 13:54:26.943776+05:30,71.75,,4369425
2025-09-04 13:54:27.153764+05:30,71.9,,4369425
2025-09-04 13:54:27.492613+05:30,71.85,,4369425
2025-09-04 13:54:27.956671+05:30,71.85,,4369425
2025-09-04 13:54:28.467586+05:30,72.1,,4369425
2025-09-04 13:54:28.762018+05:30,71.85,,4369425
2025-09-04 13:54:29.199813+05:30,71.85,,4369425
2025-09-04 13:54:29.751583+05:30,72.25,,4369425
2025-09-04 13:54:29.921953+05:30,71.95,,4369425
2025-09-04 13:54:30.435327+05:30,71.85,,4369425
2025-09-04 13:54:30.686676+05:30,72.05,,4369425
2025-09-04 13:54:30.924977+05:30,72.05,,4369425
2025-09-04 13:54:31.762004+05:30,72.05,,4369425
2025-09-04 13:54:31.969015+05:30,72.2,,4369425
2025-09-04 13:54:32.497258+05:30,72.0,,4369425
2025-09-04 13:54:32.941100+05:30,71.85,,4369425
2025-09-04 13:54:33.480959+05:30,71.95,,4369425
2025-09-04 13:54:33.661108+05:30,71.85,,4369425
2025-09-04 13:54:33.902395+05:30,71.6,,4369425
2025-09-04 13:54:34.442349+05:30,71.7,,4369425
2025-09-04 13:54:34.935775+05:30,71.7,,4369425
2025-09-04 13:54:35.492070+05:30,71.65,,4369425
2025-09-04 13:54:35.767152+05:30,71.6,,4369425
2025-09-04 13:54:36.403959+05:30,73.55,,4369425
2025-09-04 13:54:36.921586+05:30,73.1,,4369425
2025-09-04 13:54:37.171346+05:30,73.0,,4369425
2025-09-04 13:54:37.403856+05:30,73.05,,4369425
2025-09-04 13:54:37.947122+05:30,72.95,,4369425
2025-09-04 13:54:38.403427+05:30,73.1,,4369425
2025-09-04 13:54:38.697081+05:30,73.05,,4369425
2025-09-04 13:54:39.225022+05:30,73.05,,4369425
2025-09-04 13:54:39.785631+05:30,73.15,,4369425
2025-09-04 13:54:39.968421+05:30,73.0,,4369425
2025-09-04 13:54:40.446815+05:30,73.35,,4369425
2025-09-04 13:54:40.652660+05:30,73.5,,4369425
2025-09-04 13:54:40.904664+05:30,73.75,,4369425
2025-09-04 13:54:41.526553+05:30,74.15,,4369425
2025-09-04 13:54:41.967907+05:30,74.05,,4369425
2025-09-04 13:54:42.166400+05:30,74.0,,4369425
2025-09-04 13:54:42.403414+05:30,74.2,,4369425
2025-09-04 13:54:42.945341+05:30,74.2,,4369425
2025-09-04 13:54:43.405133+05:30,74.25,,4369425
2025-09-04 13:54:43.818639+05:30,74.3,,4369425
2025-09-04 13:54:43.986096+05:30,74.3,,4369425
2025-09-04 13:54:44.233146+05:30,74.35,,4369425
2025-09-04 13:54:44.742793+05:30,74.75,,4369425
2025-09-04 13:54:44.964317+05:30,74.6,,4369425
2025-09-04 13:54:45.504494+05:30,75.3,,4369425
2025-09-04 13:54:45.754305+05:30,75.75,,4369425
2025-09-04 13:54:46.766538+05:30,75.85,,4369425
2025-09-04 13:54:46.953083+05:30,75.55,,4369425
2025-09-04 13:54:47.238150+05:30,75.3,,4369425
2025-09-04 13:54:47.456677+05:30,75.5,,4369425
2025-09-04 13:54:47.913794+05:30,75.55,,4369425
2025-09-04 13:54:48.746546+05:30,76.1,,4369425
2025-09-04 13:54:48.913628+05:30,76.1,,4369425
2025-09-04 13:54:49.197670+05:30,76.1,,4369425
2025-09-04 13:54:49.500834+05:30,76.05,,4369425
2025-09-04 13:54:49.951275+05:30,76.2,,4369425
2025-09-04 13:54:50.153597+05:30,76.75,,4369425
2025-09-04 13:54:50.653583+05:30,76.5,,4369425
2025-09-04 13:54:50.897804+05:30,76.45,,4369425
2025-09-04 13:54:51.491885+05:30,76.35,,4369425
2025-09-04 13:54:51.956676+05:30,76.0,,4369425
2025-09-04 13:54:52.240123+05:30,76.0,,4369425
2025-09-04 13:54:52.429586+05:30,76.1,,4369425
2025-09-04 13:54:52.922177+05:30,75.8,,4369425
2025-09-04 13:54:53.768915+05:30,75.75,,4369425
2025-09-04 13:54:53.918584+05:30,75.55,,4369425
2025-09-04 13:54:54.155976+05:30,75.65,,4369425
2025-09-04 13:54:54.480758+05:30,75.85,,4369425
2025-09-04 13:54:54.937667+05:30,75.55,,4369425
2025-09-04 13:54:55.446274+05:30,75.65,,4369425
2025-09-04 13:54:55.675565+05:30,75.6,,4369425
2025-09-04 13:54:56.726973+05:30,75.3,,4369425
2025-09-04 13:54:56.993734+05:30,75.2,,4369425
2025-09-04 13:54:57.252243+05:30,75.3,,4369425
2025-09-04 13:54:57.457963+05:30,75.35,,4369425
2025-09-04 13:54:57.931132+05:30,75.15,,4369425
2025-09-04 13:54:58.491698+05:30,75.3,,4369425
2025-09-04 13:54:58.902535+05:30,75.4,,4369425
2025-09-04 13:54:59.220781+05:30,75.4,,4369425
2025-09-04 13:54:59.494501+05:30,75.45,,4369425
2025-09-04 13:54:59.944691+05:30,75.6,,4369425
2025-09-04 13:55:00.440694+05:30,75.65,,4369425
2025-09-04 13:55:00.707141+05:30,75.45,,4369425
2025-09-04 13:55:01.762253+05:30,75.1,,4369425
2025-09-04 13:55:01.903645+05:30,75.3,,4369425
2025-09-04 13:55:02.430587+05:30,75.0,,4369425
2025-09-04 13:55:02.902137+05:30,75.05,,4369425
2025-09-04 13:55:03.480222+05:30,75.1,,4369425
2025-09-04 13:55:04.001110+05:30,75.25,,4369425
2025-09-04 13:55:04.231608+05:30,75.55,,4369425
2025-09-04 13:55:04.436118+05:30,75.8,,4369425
2025-09-04 13:55:04.921787+05:30,76.35,,4369425
2025-09-04 13:55:05.477084+05:30,76.3,,4369425
2025-09-04 13:55:05.733998+05:30,76.3,,4369425
2025-09-04 13:55:06.426184+05:30,76.4,,4369425
2025-09-04 13:55:07.000883+05:30,76.0,,4369425
2025-09-04 13:55:07.153508+05:30,76.05,,4369425
2025-09-04 13:55:07.425559+05:30,75.9,,4369425
2025-09-04 13:55:07.940018+05:30,76.0,,4369425
2025-09-04 13:55:08.458334+05:30,76.0,,4369425
2025-09-04 13:55:08.931809+05:30,76.05,,4369425
2025-09-04 13:55:09.173582+05:30,75.95,,4369425
2025-09-04 13:55:09.426718+05:30,75.95,,4369425
2025-09-04 13:55:09.942733+05:30,75.95,,4369425
2025-09-04 13:55:10.153352+05:30,75.6,,4369425
2025-09-04 13:55:10.425177+05:30,75.6,,4369425
2025-09-04 13:55:10.649202+05:30,75.55,,4369425
2025-09-04 13:55:11.502986+05:30,75.6,,4369425
2025-09-04 13:55:12.001368+05:30,75.4,,4369425
2025-09-04 13:55:12.170263+05:30,75.75,,4369425
2025-09-04 13:55:12.530139+05:30,75.55,,4369425
2025-09-04 13:55:12.940712+05:30,75.4,,4369425
2025-09-04 13:55:13.521250+05:30,75.4,,4369425
2025-09-04 13:55:13.946551+05:30,75.4,,4275750
2025-09-04 13:55:14.192854+05:30,75.35,,4275750
2025-09-04 13:55:14.462951+05:30,75.4,,4275750
2025-09-04 13:55:14.901969+05:30,75.4,,4275750
2025-09-04 13:55:15.226121+05:30,75.4,,4275750
2025-09-04 13:55:15.403419+05:30,75.25,,4275750
2025-09-04 13:55:15.701835+05:30,75.2,,4275750
2025-09-04 13:55:16.474897+05:30,75.4,,4275750
2025-09-04 13:55:16.971283+05:30,75.45,,4275750
2025-09-04 13:55:17.170570+05:30,75.25,,4275750
2025-09-04 13:55:17.506305+05:30,75.2,,4275750
2025-09-04 13:55:17.919895+05:30,75.4,,4275750
2025-09-04 13:55:18.496239+05:30,75.45,,4275750
2025-09-04 13:55:18.965005+05:30,76.3,,4275750
2025-09-04 13:55:19.183842+05:30,75.75,,4275750
2025-09-04 13:55:19.423560+05:30,75.8,,4275750
2025-09-04 13:55:19.956332+05:30,75.9,,4275750
2025-09-04 13:55:20.153715+05:30,76.3,,4275750
2025-09-04 13:55:20.455139+05:30,76.15,,4275750
2025-09-04 13:55:20.779546+05:30,76.0,,4275750
2025-09-04 13:55:21.440781+05:30,76.0,,4275750
2025-09-04 13:55:21.992356+05:30,75.8,,4275750
2025-09-04 13:55:22.529578+05:30,75.85,,4275750
2025-09-04 13:55:22.925289+05:30,75.75,,4275750
2025-09-04 13:55:23.512587+05:30,75.8,,4275750
2025-09-04 13:55:23.920370+05:30,75.6,,4275750
2025-09-04 13:55:24.165054+05:30,75.8,,4275750
2025-09-04 13:55:24.516290+05:30,75.8,,4275750
2025-09-04 13:55:24.924407+05:30,75.75,,4275750
2025-09-04 13:55:25.489713+05:30,75.75,,4275750
2025-09-04 13:55:25.721504+05:30,75.75,,4275750
2025-09-04 13:55:26.504557+05:30,76.1,,4275750
2025-09-04 13:55:26.934246+05:30,76.05,,4275750
2025-09-04 13:55:27.437827+05:30,75.8,,4275750
2025-09-04 13:55:27.899901+05:30,75.95,,4275750
2025-09-04 13:55:28.701129+05:30,75.75,,4275750
2025-09-04 13:55:28.917182+05:30,75.75,,4275750
2025-09-04 13:55:29.219492+05:30,75.95,,4275750
2025-09-04 13:55:29.689011+05:30,75.95,,4275750
2025-09-04 13:55:29.924674+05:30,75.9,,4275750
2025-09-04 13:55:30.429675+05:30,75.85,,4275750
2025-09-04 13:55:30.935020+05:30,76.25,,4275750
2025-09-04 13:55:31.919645+05:30,75.9,,4275750
2025-09-04 13:55:33.460545+05:30,75.95,,4275750
2025-09-04 13:55:34.450196+05:30,75.4,,4275750
2025-09-04 13:55:35.151809+05:30,75.5,,4275750
2025-09-04 13:55:35.923595+05:30,74.65,,4275750
2025-09-04 13:55:36.672967+05:30,74.05,,4275750
2025-09-04 13:55:36.925406+05:30,74.1,,4275750
2025-09-04 13:55:37.420927+05:30,74.4,,4275750
2025-09-04 13:55:37.923228+05:30,74.15,,4275750
2025-09-04 13:55:38.424467+05:30,74.25,,4275750
2025-09-04 13:55:38.935356+05:30,74.4,,4275750
2025-09-04 13:55:39.164235+05:30,74.45,,4275750
2025-09-04 13:55:39.490742+05:30,74.4,,4275750
2025-09-04 13:55:39.910655+05:30,74.35,,4275750
2025-09-04 13:55:40.497877+05:30,73.85,,4275750
2025-09-04 13:55:40.709715+05:30,73.7,,4275750
2025-09-04 13:55:41.680048+05:30,73.7,,4275750
