time,last_price,volume,oi
2025-09-04 12:10:38.727665+05:30,176.85,,1435875
2025-09-04 12:10:38.824130+05:30,178.25,,1435875
2025-09-04 12:10:39.341280+05:30,177.05,,1435875
2025-09-04 12:10:39.894134+05:30,177.1,,1435875
2025-09-04 12:10:40.192092+05:30,177.1,,1435875
2025-09-04 12:10:40.344342+05:30,176.9,,1435875
2025-09-04 12:10:40.821359+05:30,176.8,,1435875
2025-09-04 12:10:41.368404+05:30,177.0,,1435875
2025-09-04 12:10:41.654858+05:30,177.4,,1435875
2025-09-04 12:10:41.861106+05:30,177.65,,1435875
2025-09-04 12:10:42.071256+05:30,177.75,,1435875
2025-09-04 12:10:42.464061+05:30,178.1,,1435875
2025-09-04 12:10:42.892623+05:30,177.75,,1435875
2025-09-04 12:10:43.321379+05:30,177.4,,1435875
2025-09-04 12:10:43.605207+05:30,177.25,,1435875
2025-09-04 12:10:43.881363+05:30,177.15,,1435875
2025-09-04 12:10:44.437730+05:30,177.45,,1435875
2025-09-04 12:10:44.843568+05:30,178.25,,1435875
2025-09-04 12:10:45.142920+05:30,177.8,,1435875
2025-09-04 12:10:45.460207+05:30,178.4,,1435875
2025-09-04 12:10:45.902549+05:30,178.6,,1435875
2025-09-04 12:10:46.468312+05:30,178.55,,1435875
2025-09-04 12:10:46.628744+05:30,178.0,,1435875
2025-09-04 12:10:46.870132+05:30,178.0,,1435875
2025-09-04 12:10:47.191047+05:30,177.75,,1435875
2025-09-04 12:10:47.455105+05:30,176.4,,1435875
2025-09-04 12:10:47.837271+05:30,177.0,,1435875
2025-09-04 12:10:48.622777+05:30,176.85,,1435875
2025-09-04 12:10:48.849995+05:30,177.05,,1435875
2025-09-04 12:10:49.379152+05:30,177.35,,1435875
2025-09-04 12:10:49.859557+05:30,176.35,,1435875
2025-09-04 12:10:50.388209+05:30,176.8,,1435875
2025-09-04 12:10:50.907151+05:30,176.6,,1435875
2025-09-04 12:10:51.621654+05:30,176.4,,1435875
2025-09-04 12:10:51.839370+05:30,176.7,,1435875
2025-09-04 12:10:52.138131+05:30,176.65,,1435875
2025-09-04 12:10:52.461491+05:30,176.5,,1435875
2025-09-04 12:10:53.189963+05:30,175.9,,1435875
2025-09-04 12:10:53.428844+05:30,175.6,,1435875
2025-09-04 12:10:53.647342+05:30,175.6,,1435875
2025-09-04 12:10:54.077262+05:30,175.8,,1435875
2025-09-04 12:10:54.592397+05:30,175.2,,1435875
2025-09-04 12:10:54.896667+05:30,175.55,,1435875
2025-09-04 12:10:55.382063+05:30,175.25,,1435875
2025-09-04 12:10:55.673601+05:30,175.25,,1435875
2025-09-04 12:10:56.197530+05:30,174.95,,1435875
2025-09-04 12:10:56.364101+05:30,175.3,,1435875
2025-09-04 12:10:56.846802+05:30,175.25,,1435875
2025-09-04 12:10:57.098615+05:30,175.25,,1435875
2025-09-04 12:10:57.343945+05:30,175.5,,1435875
2025-09-04 12:10:58.087985+05:30,175.35,,1435875
2025-09-04 12:10:58.432975+05:30,175.75,,1435875
2025-09-04 12:10:58.605838+05:30,175.15,,1435875
2025-09-04 12:10:59.217126+05:30,175.05,,1435875
2025-09-04 12:10:59.645289+05:30,174.8,,1435875
2025-09-04 12:11:00.093234+05:30,174.45,,1435875
2025-09-04 12:11:00.348572+05:30,173.45,,1435875
2025-09-04 12:11:01.146612+05:30,173.9,,1435875
2025-09-04 12:11:01.411542+05:30,173.3,,1435875
2025-09-04 12:11:01.829964+05:30,173.3,,1435875
2025-09-04 12:11:02.089557+05:30,173.55,,1435875
2025-09-04 12:11:02.457104+05:30,174.0,,1435875
2025-09-04 12:11:03.165831+05:30,174.7,,1435875
2025-09-04 12:11:03.631551+05:30,173.35,,1435875
2025-09-04 12:11:04.164157+05:30,173.95,,1435875
2025-09-04 12:11:04.327848+05:30,173.7,,1435875
2025-09-04 12:11:05.068157+05:30,173.35,,1435875
2025-09-04 12:11:05.353473+05:30,173.65,,1435875
2025-09-04 12:11:06.098363+05:30,173.7,,1435875
2025-09-04 12:11:06.722582+05:30,173.35,,1435875
2025-09-04 12:11:06.822707+05:30,173.95,,1435875
2025-09-04 12:11:07.113756+05:30,174.05,,1435875
2025-09-04 12:11:07.382280+05:30,174.05,,1435875
2025-09-04 12:11:08.152657+05:30,174.15,,1435875
2025-09-04 12:11:08.376630+05:30,174.15,,1435875
2025-09-04 12:11:08.690846+05:30,174.15,,1435875
2025-09-04 12:11:09.373960+05:30,174.55,,1435875
2025-09-04 12:11:10.095301+05:30,173.9,,1435875
2025-09-04 12:11:10.414514+05:30,173.0,,1435875
2025-09-04 12:11:11.142441+05:30,173.45,,1435875
2025-09-04 12:11:11.374130+05:30,172.65,,1435875
2025-09-04 12:11:11.820725+05:30,173.55,,1435875
2025-09-04 12:11:12.183838+05:30,174.55,,1435875
2025-09-04 12:11:12.335962+05:30,174.6,,1435875
2025-09-04 12:11:13.120397+05:30,175.15,,1435875
2025-09-04 12:11:13.401005+05:30,175.0,,1435875
2025-09-04 12:11:13.629039+05:30,175.25,,1435875
2025-09-04 12:11:14.235076+05:30,175.25,,1435875
2025-09-04 12:11:14.364325+05:30,175.1,,1435875
2025-09-04 12:11:15.105953+05:30,174.9,,1435875
2025-09-04 12:11:15.335071+05:30,175.0,,1435875
2025-09-04 12:11:16.204902+05:30,175.0,,1435875
2025-09-04 12:11:16.401555+05:30,175.45,,1435875
2025-09-04 12:11:16.846175+05:30,175.65,,1435875
2025-09-04 12:11:17.160181+05:30,175.65,,1435875
2025-09-04 12:11:17.327373+05:30,175.75,,1435875
2025-09-04 12:11:18.103501+05:30,175.8,,1435875
2025-09-04 12:11:18.350773+05:30,176.0,,1435875
2025-09-04 12:11:18.849344+05:30,175.6,,1435875
2025-09-04 12:11:19.390182+05:30,175.25,,1435875
2025-09-04 12:11:20.133318+05:30,175.25,,1435875
2025-09-04 12:11:20.662258+05:30,176.2,,1435875
2025-09-04 12:11:21.149535+05:30,176.2,,1435875
2025-09-04 12:11:21.327015+05:30,176.05,,1435875
2025-09-04 12:11:21.820708+05:30,175.9,,1435875
2025-09-04 12:11:22.148103+05:30,175.6,,1435875
2025-09-04 12:11:22.396038+05:30,175.6,,1435875
2025-09-04 12:11:23.193400+05:30,176.0,,1435875
2025-09-04 12:11:23.368180+05:30,176.15,,1435875
2025-09-04 12:11:23.890153+05:30,175.9,,1435875
2025-09-04 12:11:24.338315+05:30,175.7,,1435875
2025-09-04 12:11:25.109523+05:30,175.7,,1435875
2025-09-04 12:11:25.474804+05:30,176.85,,1435875
2025-09-04 12:11:26.072088+05:30,176.85,,1435875
2025-09-04 12:11:26.667404+05:30,176.55,,1435875
2025-09-04 12:11:26.843080+05:30,176.45,,1435875
2025-09-04 12:11:27.390833+05:30,176.7,,1435875
2025-09-04 12:11:28.119862+05:30,176.9,,1435875
2025-09-04 12:11:28.348559+05:30,177.15,,1435875
2025-09-04 12:11:28.821286+05:30,176.95,,1435875
2025-09-04 12:11:29.367285+05:30,176.85,,1435875
2025-09-04 12:11:30.101036+05:30,175.6,,1435875
2025-09-04 12:11:30.439994+05:30,175.85,,1435875
2025-09-04 12:11:31.149201+05:30,175.5,,1435875
2025-09-04 12:11:31.370381+05:30,175.9,,1435875
2025-09-04 12:11:31.579924+05:30,175.9,,1435875
2025-09-04 12:11:32.097875+05:30,175.5,,1435875
2025-09-04 12:11:32.620034+05:30,176.0,,1435875
2025-09-04 12:11:33.097539+05:30,176.1,,1435875
2025-09-04 12:11:33.359108+05:30,175.65,,1435875
2025-09-04 12:11:33.820379+05:30,175.75,,1435875
2025-09-04 12:11:34.602247+05:30,176.25,,1435875
2025-09-04 12:11:35.115056+05:30,176.4,,1435875
2025-09-04 12:11:35.316619+05:30,176.1,,1435875
2025-09-04 12:11:36.144488+05:30,176.1,,1435875
2025-09-04 12:11:36.376364+05:30,176.3,,1435875
2025-09-04 12:11:37.119808+05:30,176.05,,1435875
2025-09-04 12:11:37.320481+05:30,176.0,,1435875
2025-09-04 12:11:37.605603+05:30,176.2,,1435875
2025-09-04 12:11:38.141832+05:30,176.1,,1435875
2025-09-04 12:11:38.338870+05:30,176.3,,1435875
2025-09-04 12:11:38.825340+05:30,176.6,,1435875
2025-09-04 12:11:39.338809+05:30,176.85,,1435875
2025-09-04 12:11:40.085326+05:30,176.65,,1435875
2025-09-04 12:11:40.396232+05:30,177.5,,1435875
2025-09-04 12:11:41.094455+05:30,177.2,,1435875
2025-09-04 12:11:41.320612+05:30,177.15,,1435875
2025-09-04 12:11:41.631124+05:30,177.15,,1435875
2025-09-04 12:11:42.093145+05:30,176.5,,1435875
2025-09-04 12:11:42.342326+05:30,176.8,,1435875
2025-09-04 12:11:43.202978+05:30,176.65,,1435875
2025-09-04 12:11:43.401744+05:30,176.2,,1435875
2025-09-04 12:11:43.669704+05:30,176.2,,1435875
2025-09-04 12:11:44.195051+05:30,176.1,,1435875
2025-09-04 12:11:44.320483+05:30,176.5,,1435875
2025-09-04 12:11:44.820328+05:30,176.85,,1435875
2025-09-04 12:11:45.137044+05:30,176.85,,1435875
2025-09-04 12:11:45.342174+05:30,176.65,,1435875
2025-09-04 12:11:46.141035+05:30,175.9,,1435875
2025-09-04 12:11:46.406949+05:30,175.9,,1435875
2025-09-04 12:11:47.197568+05:30,176.4,,1435875
2025-09-04 12:11:47.385337+05:30,176.65,,1435875
2025-09-04 12:11:48.103190+05:30,176.5,,1435875
2025-09-04 12:11:48.454415+05:30,176.5,,1435875
2025-09-04 12:11:48.624832+05:30,175.0,,1435875
2025-09-04 12:11:49.197877+05:30,176.5,,1435875
2025-09-04 12:11:49.407826+05:30,176.45,,1435875
2025-09-04 12:11:49.897027+05:30,176.2,,1435875
2025-09-04 12:11:50.343771+05:30,176.3,,1435875
2025-09-04 12:11:51.141229+05:30,176.75,,1435875
2025-09-04 12:11:51.416095+05:30,176.45,,1435875
2025-09-04 12:11:51.895639+05:30,176.95,,1435875
2025-09-04 12:11:52.359048+05:30,177.05,,1435875
2025-09-04 12:11:53.157094+05:30,177.15,,1435875
2025-09-04 12:11:53.440053+05:30,177.35,,1435875
2025-09-04 12:11:53.570072+05:30,176.95,,1435875
2025-09-04 12:11:54.143745+05:30,176.95,,1435875
2025-09-04 12:11:54.408177+05:30,176.85,,1435875
2025-09-04 12:11:54.819970+05:30,176.85,,1435875
2025-09-04 12:11:55.380814+05:30,177.15,,1435875
2025-09-04 12:11:56.121084+05:30,177.6,,1435875
2025-09-04 12:11:56.356609+05:30,177.5,,1435875
2025-09-04 12:11:56.867349+05:30,178.0,,1435875
2025-09-04 12:11:57.636255+05:30,177.95,,1435875
2025-09-04 12:11:58.142973+05:30,177.7,,1435875
2025-09-04 12:11:58.449069+05:30,177.1,,1435875
2025-09-04 12:11:58.664850+05:30,177.1,,1435875
2025-09-04 12:11:59.175833+05:30,177.5,,1435875
2025-09-04 12:11:59.350935+05:30,177.5,,1435875
2025-09-04 12:11:59.902087+05:30,179.75,,1435875
2025-09-04 12:12:00.094032+05:30,179.75,,1435875
2025-09-04 12:12:00.367691+05:30,180.45,,1435875
2025-09-04 12:12:01.092548+05:30,179.75,,1435875
2025-09-04 12:12:01.606779+05:30,179.25,,1435875
2025-09-04 12:12:01.896732+05:30,179.25,,1435875
2025-09-04 12:12:02.116186+05:30,178.7,,1435875
2025-09-04 12:12:02.337707+05:30,180.15,,1435875
2025-09-04 12:12:03.115310+05:30,180.0,,1435875
2025-09-04 12:12:03.398958+05:30,180.25,,1435875
2025-09-04 12:12:03.690719+05:30,180.5,,1435875
2025-09-04 12:12:04.203255+05:30,180.95,,1435875
2025-09-04 12:12:04.379543+05:30,179.35,,1435875
2025-09-04 12:12:04.819887+05:30,179.05,,1435875
2025-09-04 12:12:05.320514+05:30,179.15,,1435875
2025-09-04 12:12:05.647221+05:30,179.55,,1435875
2025-09-04 12:12:06.144082+05:30,180.25,,1435875
2025-09-04 12:12:06.367865+05:30,180.15,,1435875
2025-09-04 12:12:06.820182+05:30,179.9,,1435875
2025-09-04 12:12:07.429860+05:30,178.8,,1435875
2025-09-04 12:12:08.165073+05:30,179.25,,1435875
2025-09-04 12:12:08.391325+05:30,179.7,,1435875
2025-09-04 12:12:08.680982+05:30,179.7,,1435875
2025-09-04 12:12:09.193031+05:30,178.65,,1435875
2025-09-04 12:12:09.585046+05:30,178.65,,1435875
2025-09-04 12:12:09.881108+05:30,179.0,,1435875
2025-09-04 12:12:10.147615+05:30,179.05,,1435875
2025-09-04 12:12:10.320277+05:30,178.85,,1435875
2025-09-04 12:12:11.097083+05:30,178.4,,1435875
2025-09-04 12:12:11.422837+05:30,178.0,,1435875
2025-09-04 12:12:11.876968+05:30,177.75,,1435875
2025-09-04 12:12:12.665695+05:30,178.0,,1435875
2025-09-04 12:12:13.124777+05:30,178.9,,1435875
2025-09-04 12:12:13.476105+05:30,179.0,,1435875
2025-09-04 12:12:13.574701+05:30,178.9,,1435875
2025-09-04 12:12:14.292137+05:30,179.15,,1435875
2025-09-04 12:12:14.381598+05:30,179.15,,1435875
2025-09-04 12:12:14.819713+05:30,179.05,,1435875
2025-09-04 12:12:15.164828+05:30,179.05,,1435875
2025-09-04 12:12:15.453293+05:30,179.55,,1435875
2025-09-04 12:12:16.161855+05:30,178.85,,1435875
2025-09-04 12:12:16.327104+05:30,179.15,,1435875
2025-09-04 12:12:16.843932+05:30,179.1,,1435875
2025-09-04 12:12:17.319796+05:30,179.4,,1435875
2025-09-04 12:12:18.108384+05:30,179.0,,1435875
2025-09-04 12:12:18.343023+05:30,179.2,,1435875
2025-09-04 12:12:18.641099+05:30,179.2,,1435875
2025-09-04 12:12:19.081581+05:30,179.6,,1435875
2025-09-04 12:12:19.398643+05:30,179.6,,1435875
2025-09-04 12:12:19.824515+05:30,179.4,,1435875
2025-09-04 12:12:20.110240+05:30,179.75,,1435875
2025-09-04 12:12:20.622038+05:30,180.05,,1435875
2025-09-04 12:12:21.166570+05:30,181.0,,1435875
2025-09-04 12:12:21.336351+05:30,180.3,,1435875
2025-09-04 12:12:21.852555+05:30,180.75,,1435875
2025-09-04 12:12:22.101901+05:30,180.3,,1435875
2025-09-04 12:12:22.434607+05:30,180.05,,1435875
2025-09-04 12:12:23.147701+05:30,180.5,,1435875
2025-09-04 12:12:23.631861+05:30,180.6,,1435875
2025-09-04 12:12:24.176930+05:30,182.6,,1435875
2025-09-04 12:12:24.314785+05:30,182.05,,1435875
2025-09-04 12:12:24.819778+05:30,182.1,,1435875
2025-09-04 12:12:25.182537+05:30,181.3,,1435875
2025-09-04 12:12:25.319706+05:30,180.35,,1435875
2025-09-04 12:16:19.240980+05:30,178.25,,1435275
2025-09-04 12:16:19.822173+05:30,178.35,,1435275
2025-09-04 12:16:20.129632+05:30,179.05,,1435275
2025-09-04 12:16:20.630760+05:30,179.25,,1435275
2025-09-04 12:16:21.140265+05:30,181.0,,1435275
2025-09-04 12:16:21.402564+05:30,180.4,,1435275
2025-09-04 12:16:21.616503+05:30,180.85,,1435275
2025-09-04 12:16:22.122034+05:30,180.65,,1435275
2025-09-04 12:16:22.627379+05:30,180.65,,1435275
2025-09-04 12:16:23.085378+05:30,180.9,,1435275
2025-09-04 12:16:23.435020+05:30,180.8,,1435275
2025-09-04 12:16:23.612143+05:30,180.5,,1435275
2025-09-04 12:16:24.103150+05:30,180.5,,1435275
2025-09-04 12:16:24.581695+05:30,181.0,,1435275
2025-09-04 12:16:24.821730+05:30,181.9,,1435275
2025-09-04 12:16:25.131293+05:30,181.8,,1435275
2025-09-04 12:16:25.600779+05:30,181.4,,1435275
2025-09-04 12:16:26.122268+05:30,181.75,,1435275
2025-09-04 12:16:26.615278+05:30,182.4,,1435275
2025-09-04 12:16:27.126581+05:30,182.85,,1435275
2025-09-04 12:16:27.590569+05:30,181.9,,1435275
2025-09-04 12:18:25.081148+05:30,182.0,,1435275
2025-09-04 12:18:25.297972+05:30,183.0,,1435275
2025-09-04 12:18:25.574403+05:30,183.1,,1435275
2025-09-04 12:18:25.987667+05:30,183.6,,1435275
2025-09-04 12:18:26.801876+05:30,183.3,,1435275
2025-09-04 12:18:27.292026+05:30,183.5,,1435275
2025-09-04 12:18:27.726838+05:30,183.45,,1435275
2025-09-04 12:18:28.333952+05:30,183.25,,1435275
2025-09-04 12:18:28.761155+05:30,183.7,,1435275
2025-09-04 12:18:29.071738+05:30,183.45,,1435275
2025-09-04 12:18:29.730911+05:30,184.0,,1435275
2025-09-04 12:18:30.310126+05:30,184.55,,1435275
2025-09-04 12:18:30.747876+05:30,185.25,,1435275
2025-09-04 12:18:31.008405+05:30,185.0,,1435275
2025-09-04 12:18:31.785185+05:30,185.65,,1435275
2025-09-04 12:18:32.090387+05:30,184.4,,1435275
2025-09-04 12:18:32.734774+05:30,185.25,,1435275
2025-09-04 12:18:33.285684+05:30,185.0,,1435275
2025-09-04 12:18:33.745394+05:30,185.0,,1435275
2025-09-04 12:18:33.995732+05:30,184.6,,1435275
2025-09-04 12:18:34.761139+05:30,184.65,,1435275
2025-09-04 12:18:35.313484+05:30,185.1,,1435275
2025-09-04 12:18:35.462004+05:30,185.0,,1435275
2025-09-04 12:18:35.984410+05:30,185.15,,1435275
2025-09-04 12:18:36.777606+05:30,185.25,,1435275
2025-09-04 12:18:37.085553+05:30,184.9,,1435275
2025-09-04 12:18:37.797606+05:30,184.95,,1435275
2025-09-04 12:18:38.243617+05:30,185.4,,1435275
2025-09-04 12:18:38.763821+05:30,185.35,,1435275
2025-09-04 12:18:39.017648+05:30,185.5,,1435275
2025-09-04 12:18:39.732393+05:30,185.6,,1435275
2025-09-04 12:18:40.345919+05:30,186.2,,1435275
2025-09-04 12:18:40.469522+05:30,186.3,,1435275
2025-09-04 12:18:41.025624+05:30,186.5,,1435275
2025-09-04 12:18:41.743526+05:30,186.05,,1435275
2025-09-04 12:18:42.047721+05:30,186.0,,1435275
2025-09-04 12:18:42.753149+05:30,185.7,,1435275
2025-09-04 12:18:42.997663+05:30,185.95,,1435275
2025-09-04 12:18:43.755177+05:30,186.05,,1435275
2025-09-04 12:18:44.046431+05:30,185.85,,1435275
2025-09-04 12:18:44.741383+05:30,185.5,,1435275
2025-09-04 12:18:44.998441+05:30,184.6,,1435275
2025-09-04 12:18:45.480727+05:30,185.6,,1435275
2025-09-04 12:18:45.798691+05:30,185.6,,1435275
2025-09-04 12:18:45.970032+05:30,185.95,,1435275
2025-09-04 12:18:46.720043+05:30,186.2,,1435275
2025-09-04 12:18:47.014177+05:30,186.2,,1435275
2025-09-04 12:18:47.739359+05:30,186.95,,1435275
2025-09-04 12:18:48.050744+05:30,187.1,,1435275
2025-09-04 12:18:48.737498+05:30,187.35,,1435275
2025-09-04 12:18:49.076377+05:30,187.3,,1435275
2025-09-04 12:18:49.717157+05:30,187.05,,1435275
2025-09-04 12:18:50.324744+05:30,187.3,,1435275
2025-09-04 12:18:50.571064+05:30,187.05,,1435275
2025-09-04 12:18:50.752944+05:30,187.05,,1435275
2025-09-04 12:18:51.304929+05:30,187.15,,1435275
2025-09-04 12:18:51.720274+05:30,187.15,,1435275
2025-09-04 12:18:52.250355+05:30,187.05,,1435275
2025-09-04 12:18:52.761811+05:30,186.6,,1435275
2025-09-04 12:18:53.002052+05:30,187.15,,1435275
2025-09-04 12:18:53.730073+05:30,188.6,,1435275
2025-09-04 12:18:54.028767+05:30,188.5,,1435275
2025-09-04 12:18:54.767487+05:30,188.75,,1435275
2025-09-04 12:18:55.274607+05:30,188.85,,1435275
2025-09-04 12:18:55.528432+05:30,188.95,,1435275
2025-09-04 12:18:56.341456+05:30,187.95,,1435275
2025-09-04 12:18:56.722869+05:30,188.95,,1375950
2025-09-04 12:18:57.286194+05:30,189.2,,1375950
2025-09-04 12:18:57.795494+05:30,189.45,,1375950
2025-09-04 12:18:58.272141+05:30,191.7,,1375950
2025-09-04 12:18:58.726888+05:30,191.85,,1375950
2025-09-04 12:18:59.224067+05:30,191.45,,1375950
2025-09-04 12:19:00.217848+05:30,192.05,,1375950
2025-09-04 12:19:00.477985+05:30,192.1,,1375950
2025-09-04 12:19:01.008599+05:30,191.85,,1375950
2025-09-04 12:19:01.725907+05:30,190.9,,1375950
2025-09-04 12:19:02.328868+05:30,190.85,,1375950
2025-09-04 12:19:02.764045+05:30,190.7,,1375950
2025-09-04 12:19:03.271229+05:30,190.2,,1375950
2025-09-04 12:19:03.758857+05:30,189.95,,1375950
2025-09-04 12:19:04.242943+05:30,189.2,,1375950
2025-09-04 12:19:04.747512+05:30,189.25,,1375950
2025-09-04 12:19:05.143564+05:30,189.85,,1375950
2025-09-04 12:19:05.499086+05:30,190.0,,1375950
2025-09-04 12:19:06.088719+05:30,189.5,,1375950
2025-09-04 12:33:57.582712+05:30,187.75,,1195800
2025-09-04 12:33:57.663138+05:30,187.3,,1195800
2025-09-04 12:33:58.197841+05:30,187.6,,1195800
2025-09-04 12:33:58.666052+05:30,186.9,,1195800
2025-09-04 12:33:58.876122+05:30,186.9,,1195800
2025-09-04 12:33:59.382310+05:30,185.8,,1192725
2025-09-04 12:33:59.682960+05:30,186.0,,1192725
2025-09-04 12:34:00.192102+05:30,186.4,,1192725
2025-09-04 12:34:00.415209+05:30,186.35,,1192725
2025-09-04 12:34:00.622723+05:30,186.2,,1192725
2025-09-04 12:34:01.454581+05:30,186.05,,1192725
2025-09-04 12:34:01.630167+05:30,186.1,,1192725
2025-09-04 12:34:02.186311+05:30,186.4,,1192725
2025-09-04 12:34:02.443026+05:30,185.6,,1192725
2025-09-04 12:34:02.972826+05:30,186.2,,1192725
2025-09-04 12:34:03.422156+05:30,185.95,,1192725
2025-09-04 12:34:03.892607+05:30,185.6,,1192725
2025-09-04 12:34:04.177381+05:30,185.15,,1192725
2025-09-04 12:34:04.903878+05:30,184.8,,1192725
2025-09-04 12:34:05.187479+05:30,184.25,,1192725
2025-09-04 12:34:05.624536+05:30,184.35,,1192725
2025-09-04 12:34:06.259356+05:30,183.65,,1192725
2025-09-04 12:34:06.925821+05:30,183.7,,1192725
2025-09-04 12:34:07.130599+05:30,183.5,,1192725
2025-09-04 12:34:07.406017+05:30,183.5,,1192725
2025-09-04 12:34:07.882110+05:30,183.55,,1192725
2025-09-04 12:34:08.448339+05:30,184.05,,1192725
2025-09-04 12:34:08.626920+05:30,184.5,,1192725
2025-09-04 12:34:09.122702+05:30,185.2,,1192725
2025-09-04 12:34:09.986798+05:30,185.2,,1192725
2025-09-04 12:34:10.438097+05:30,185.65,,1192725
2025-09-04 12:34:10.943264+05:30,185.3,,1192725
2025-09-04 12:34:11.413307+05:30,185.05,,1192725
2025-09-04 12:34:11.915851+05:30,185.4,,1192725
2025-09-04 12:34:12.175352+05:30,185.4,,1192725
2025-09-04 12:34:12.412079+05:30,185.4,,1192725
2025-09-04 12:34:12.922895+05:30,185.4,,1192725
2025-09-04 12:34:13.205977+05:30,185.0,,1192725
2025-09-04 12:34:13.699626+05:30,185.05,,1192725
2025-09-04 12:34:13.892872+05:30,185.05,,1192725
2025-09-04 12:34:14.378094+05:30,185.25,,1192725
2025-09-04 12:34:14.910540+05:30,186.0,,1192725
2025-09-04 12:34:15.159022+05:30,186.2,,1192725
2025-09-04 12:34:15.940015+05:30,186.4,,1192725
2025-09-04 12:34:16.652775+05:30,186.4,,1192725
2025-09-04 12:34:16.894928+05:30,187.45,,1192725
2025-09-04 12:34:17.402993+05:30,187.1,,1192725
2025-09-04 12:34:17.878249+05:30,187.55,,1192725
2025-09-04 12:34:18.440267+05:30,187.7,,1192725
2025-09-04 12:34:18.667760+05:30,187.35,,1192725
2025-09-04 12:34:19.397921+05:30,186.95,,1192725
2025-09-04 12:34:19.916378+05:30,187.05,,1192725
2025-09-04 12:34:20.507476+05:30,186.7,,1192725
2025-09-04 12:34:20.941570+05:30,187.2,,1192725
2025-09-04 12:34:21.419637+05:30,187.05,,1192725
2025-09-04 12:34:21.899593+05:30,186.75,,1192725
2025-09-04 12:34:22.141985+05:30,187.35,,1192725
2025-09-04 12:34:22.674230+05:30,188.0,,1192725
2025-09-04 12:34:22.899951+05:30,187.5,,1192725
2025-09-04 12:34:23.417926+05:30,187.6,,1192725
2025-09-04 12:34:23.676765+05:30,187.85,,1192725
2025-09-04 12:34:24.484332+05:30,187.25,,1192725
2025-09-04 12:34:24.945635+05:30,187.55,,1192725
2025-09-04 12:34:25.201863+05:30,187.5,,1192725
2025-09-04 12:34:25.409700+05:30,187.4,,1192725
2025-09-04 12:34:25.888625+05:30,187.4,,1192725
2025-09-04 12:34:26.660448+05:30,188.35,,1192725
2025-09-04 12:34:26.917806+05:30,188.65,,1192725
2025-09-04 12:34:27.459534+05:30,188.55,,1192725
2025-09-04 12:34:27.914092+05:30,188.6,,1192725
2025-09-04 12:34:28.405119+05:30,188.55,,1192725
2025-09-04 12:34:28.623392+05:30,188.55,,1192725
2025-09-04 12:34:29.469823+05:30,188.4,,1192725
2025-09-04 12:34:29.893857+05:30,188.0,,1192725
2025-09-04 12:34:30.154605+05:30,187.75,,1192725
2025-09-04 12:34:30.480086+05:30,187.75,,1192725
2025-09-04 12:34:30.663396+05:30,186.9,,1192725
2025-09-04 12:34:31.472650+05:30,187.0,,1192725
2025-09-04 12:34:31.687101+05:30,186.9,,1192725
2025-09-04 12:34:32.649596+05:30,187.5,,1192725
2025-09-04 12:34:32.884853+05:30,187.95,,1192725
2025-09-04 12:34:33.396331+05:30,187.7,,1192725
2025-09-04 12:34:33.891442+05:30,187.7,,1192725
2025-09-04 12:34:34.636766+05:30,188.0,,1192725
2025-09-04 12:34:34.881556+05:30,188.0,,1192725
2025-09-04 12:34:35.132065+05:30,188.4,,1192725
2025-09-04 12:34:35.939016+05:30,188.05,,1192725
2025-09-04 12:34:36.516103+05:30,188.45,,1192725
2025-09-04 12:34:36.694740+05:30,188.8,,1192725
2025-09-04 12:34:37.404728+05:30,188.8,,1192725
2025-09-04 12:34:37.908808+05:30,188.2,,1192725
2025-09-04 12:34:38.391332+05:30,188.85,,1192725
2025-09-04 12:34:38.893028+05:30,188.85,,1192725
2025-09-04 12:34:39.472069+05:30,189.0,,1192725
2025-09-04 12:34:39.897828+05:30,189.15,,1192725
2025-09-04 12:34:40.398804+05:30,190.0,,1192725
2025-09-04 12:34:40.930843+05:30,189.9,,1192725
2025-09-04 12:34:41.467518+05:30,190.2,,1192725
2025-09-04 12:34:41.649631+05:30,190.2,,1192725
2025-09-04 12:34:41.898327+05:30,190.2,,1192725
2025-09-04 12:34:42.626203+05:30,190.35,,1192725
2025-09-04 12:34:42.979316+05:30,189.9,,1192725
2025-09-04 12:34:43.196824+05:30,189.7,,1192725
2025-09-04 12:34:43.410224+05:30,189.55,,1192725
2025-09-04 12:34:43.895832+05:30,189.85,,1192725
2025-09-04 12:34:44.434807+05:30,189.8,,1192725
2025-09-04 12:34:44.936943+05:30,190.3,,1192725
2025-09-04 12:34:45.649449+05:30,190.4,,1192725
2025-09-04 12:34:45.900316+05:30,190.0,,1192725
2025-09-04 12:34:46.377000+05:30,190.2,,1192725
2025-09-04 12:34:46.648916+05:30,190.25,,1192725
2025-09-04 12:34:46.910016+05:30,190.25,,1192725
2025-09-04 12:34:47.439360+05:30,190.25,,1192725
2025-09-04 12:34:47.884703+05:30,190.6,,1192725
2025-09-04 12:34:48.431556+05:30,190.75,,1192725
2025-09-04 12:34:48.922707+05:30,191.05,,1192725
2025-09-04 12:34:49.682314+05:30,191.05,,1192725
2025-09-04 12:34:49.889122+05:30,190.9,,1192725
2025-09-04 12:34:50.408412+05:30,190.7,,1192725
2025-09-04 12:34:50.947066+05:30,190.65,,1192725
2025-09-04 12:34:51.626104+05:30,191.35,,1192725
2025-09-04 12:34:51.878157+05:30,191.35,,1192725
2025-09-04 12:34:52.481400+05:30,191.3,,1192725
2025-09-04 12:34:52.892038+05:30,191.0,,1192725
2025-09-04 12:34:53.419272+05:30,190.5,,1192725
2025-09-04 12:34:53.880969+05:30,190.5,,1192725
2025-09-04 12:34:54.478745+05:30,191.15,,1192725
2025-09-04 12:34:54.935568+05:30,191.15,,1192725
2025-09-04 12:34:55.633706+05:30,190.95,,1192725
2025-09-04 12:34:56.443786+05:30,190.55,,1192725
2025-09-04 12:34:56.650516+05:30,190.9,,1192725
2025-09-04 12:34:57.423826+05:30,191.4,,1192725
2025-09-04 12:34:57.920776+05:30,190.3,,1192725
2025-09-04 12:34:58.210421+05:30,190.8,,1192725
2025-09-04 12:34:58.882100+05:30,190.85,,1192725
2025-09-04 12:34:59.398126+05:30,191.15,,1192725
2025-09-04 12:34:59.948541+05:30,190.95,,1192725
2025-09-04 12:35:00.467302+05:30,191.05,,1192725
2025-09-04 12:35:00.657176+05:30,190.8,,1192725
2025-09-04 12:35:01.634775+05:30,191.65,,1192725
2025-09-04 12:35:01.965824+05:30,191.75,,1192725
2025-09-04 12:35:02.667646+05:30,191.6,,1192725
2025-09-04 12:35:02.931091+05:30,191.7,,1192725
2025-09-04 12:35:03.215723+05:30,191.25,,1192725
2025-09-04 12:35:03.419712+05:30,191.25,,1192725
2025-09-04 12:35:03.911940+05:30,191.15,,1192725
2025-09-04 12:35:04.498854+05:30,191.1,,1192725
2025-09-04 12:35:04.895132+05:30,191.9,,1192725
2025-09-04 12:35:05.408061+05:30,192.8,,1192725
2025-09-04 12:35:05.929734+05:30,193.45,,1192725
2025-09-04 12:35:06.386551+05:30,193.4,,1192725
2025-09-04 12:35:06.983027+05:30,192.9,,1192725
2025-09-04 12:35:07.437148+05:30,193.2,,1192725
2025-09-04 12:35:07.942606+05:30,193.0,,1192725
2025-09-04 12:35:08.182294+05:30,193.1,,1192725
2025-09-04 12:35:08.449609+05:30,192.9,,1192725
2025-09-04 12:35:08.895138+05:30,192.2,,1192725
2025-09-04 12:35:09.391991+05:30,192.0,,1192725
2025-09-04 12:35:09.954006+05:30,191.8,,1192725
2025-09-04 12:35:10.420104+05:30,191.9,,1192725
2025-09-04 12:35:10.876547+05:30,191.85,,1192725
2025-09-04 12:35:11.403902+05:30,192.1,,1192725
2025-09-04 12:35:11.955091+05:30,192.1,,1192725
2025-09-04 12:35:12.408817+05:30,191.7,,1192725
2025-09-04 12:35:12.960375+05:30,191.7,,1192725
2025-09-04 12:35:13.150643+05:30,191.8,,1192725
2025-09-04 12:35:13.401801+05:30,191.65,,1192725
2025-09-04 12:35:13.915596+05:30,191.75,,1192725
2025-09-04 12:35:14.389015+05:30,191.7,,1192725
2025-09-04 12:35:14.925218+05:30,191.7,,1192725
2025-09-04 12:35:15.375922+05:30,191.55,,1192725
2025-09-04 12:35:15.881847+05:30,191.7,,1192725
2025-09-04 12:35:16.428915+05:30,191.3,,1192725
2025-09-04 12:35:16.939021+05:30,190.55,,1192725
2025-09-04 12:35:17.459241+05:30,190.35,,1192725
2025-09-04 12:35:17.924708+05:30,190.35,,1192725
2025-09-04 12:35:18.211737+05:30,189.8,,1192725
2025-09-04 12:35:18.444542+05:30,190.15,,1192725
2025-09-04 12:35:18.880094+05:30,190.75,,1192725
2025-09-04 12:35:19.390536+05:30,190.9,,1192725
2025-09-04 12:35:19.955052+05:30,190.5,,1192725
2025-09-04 12:35:20.423815+05:30,190.8,,1192725
2025-09-04 12:35:20.982748+05:30,190.8,,1192725
2025-09-04 12:35:21.452859+05:30,190.65,,1192725
2025-09-04 12:35:21.897802+05:30,190.65,,1192725
2025-09-04 12:35:22.392461+05:30,190.6,,1192725
2025-09-04 12:35:22.907659+05:30,190.6,,1192725
2025-09-04 12:35:23.156718+05:30,190.6,,1192725
2025-09-04 12:35:23.421296+05:30,190.55,,1192725
2025-09-04 12:35:23.903064+05:30,190.95,,1192725
2025-09-04 12:35:24.417099+05:30,190.95,,1192725
2025-09-04 12:35:24.918891+05:30,190.6,,1192725
2025-09-04 12:35:25.410812+05:30,190.6,,1192725
2025-09-04 12:35:26.478018+05:30,190.15,,1192725
2025-09-04 12:35:27.161661+05:30,190.3,,1192725
2025-09-04 12:35:27.401914+05:30,190.3,,1192725
2025-09-04 13:44:22.116385+05:30,188.1,,1178325
2025-09-04 13:44:22.295507+05:30,188.1,,1178325
2025-09-04 13:44:22.908377+05:30,187.7,,1178325
2025-09-04 13:44:23.522867+05:30,187.35,,1178325
2025-09-04 13:44:23.681049+05:30,187.3,,1178325
2025-09-04 13:44:23.922702+05:30,187.55,,1178325
2025-09-04 13:44:24.499483+05:30,187.5,,1178325
2025-09-04 13:44:24.913885+05:30,187.1,,1178325
2025-09-04 13:44:25.199573+05:30,187.3,,1178325
2025-09-04 13:44:25.426638+05:30,187.35,,1178325
2025-09-04 13:44:25.925261+05:30,187.3,,1178325
2025-09-04 13:44:26.185396+05:30,187.5,,1178325
2025-09-04 13:44:26.951882+05:30,187.0,,1178325
2025-09-04 13:44:27.295316+05:30,187.05,,1178325
2025-09-04 13:44:27.910023+05:30,185.7,,1178325
2025-09-04 13:44:28.454415+05:30,185.55,,1178325
2025-09-04 13:44:28.708822+05:30,185.9,,1178325
2025-09-04 13:44:28.905030+05:30,185.9,,1178325
2025-09-04 13:44:29.489488+05:30,185.75,,1178325
2025-09-04 13:44:29.930349+05:30,186.35,,1178325
2025-09-04 13:44:30.493649+05:30,186.4,,1178325
2025-09-04 13:44:30.779154+05:30,186.4,,1178325
2025-09-04 13:44:30.904738+05:30,185.85,,1178325
2025-09-04 13:44:31.196598+05:30,185.6,,1178325
2025-09-04 13:44:31.947023+05:30,185.0,,1178325
2025-09-04 13:44:32.263689+05:30,185.1,,1178325
2025-09-04 13:44:32.925030+05:30,184.7,,1178325
2025-09-04 13:44:33.419853+05:30,184.6,,1178325
2025-09-04 13:44:33.939391+05:30,185.25,,1178325
2025-09-04 13:44:34.175744+05:30,185.55,,1178325
2025-09-04 13:44:34.932911+05:30,184.7,,1178325
2025-09-04 13:44:35.278573+05:30,185.15,,1178325
2025-09-04 13:44:35.675761+05:30,184.8,,1178325
2025-09-04 13:44:35.935621+05:30,184.85,,1178325
2025-09-04 13:44:36.486441+05:30,184.8,,1178325
2025-09-04 13:44:36.982658+05:30,185.5,,1178325
2025-09-04 13:44:37.233249+05:30,185.45,,1178325
2025-09-04 13:44:37.444401+05:30,185.45,,1178325
2025-09-04 13:44:37.963755+05:30,185.8,,1178325
2025-09-04 13:44:38.479646+05:30,185.8,,1178325
2025-09-04 13:44:38.714853+05:30,185.45,,1178325
2025-09-04 13:44:38.946206+05:30,185.45,,1178325
2025-09-04 13:44:39.468761+05:30,186.05,,1178325
2025-09-04 13:44:40.239492+05:30,185.85,,1178325
2025-09-04 13:44:40.929895+05:30,186.15,,1178325
2025-09-04 13:44:41.289257+05:30,186.0,,1178325
2025-09-04 13:44:42.183133+05:30,185.15,,1178325
2025-09-04 13:44:42.427115+05:30,185.15,,1178325
2025-09-04 13:44:43.265225+05:30,183.8,,1178325
2025-09-04 13:44:43.734461+05:30,184.1,,1178325
2025-09-04 13:44:43.931053+05:30,183.9,,1178325
2025-09-04 13:44:44.161530+05:30,184.3,,1178325
2025-09-04 13:44:45.261653+05:30,184.1,,1178325
2025-09-04 13:44:46.265064+05:30,184.1,,1178325
2025-09-04 13:44:46.968825+05:30,183.9,,1178325
2025-09-04 13:44:47.274478+05:30,184.2,,1178325
2025-09-04 13:44:47.521376+05:30,184.2,,1178325
2025-09-04 13:44:48.297346+05:30,183.65,,1178325
2025-09-04 13:44:48.708025+05:30,183.9,,1178325
2025-09-04 13:44:48.929933+05:30,183.65,,1178325
2025-09-04 13:44:49.508730+05:30,184.05,,1178325
2025-09-04 13:44:50.177615+05:30,183.7,,1178325
2025-09-04 13:44:50.425976+05:30,183.75,,1178325
2025-09-04 13:44:51.214195+05:30,183.65,,1178325
2025-09-04 13:44:51.459798+05:30,184.4,,1178325
2025-09-04 13:44:51.983566+05:30,184.1,,1178325
2025-09-04 13:44:52.255724+05:30,184.1,,1178325
2025-09-04 13:44:53.245503+05:30,182.05,,1178325
2025-09-04 13:44:53.436812+05:30,182.05,,1178325
2025-09-04 13:44:53.912181+05:30,182.35,,1178325
2025-09-04 13:44:54.317859+05:30,182.3,,1178325
2025-09-04 13:44:55.222552+05:30,182.6,,1178325
2025-09-04 13:44:55.468941+05:30,183.4,,1178325
2025-09-04 13:44:56.247647+05:30,183.4,,1178325
2025-09-04 13:44:56.490786+05:30,183.05,,1178325
2025-09-04 13:44:56.922011+05:30,183.75,,1178325
2025-09-04 13:44:57.211597+05:30,184.0,,1178325
2025-09-04 13:44:58.190058+05:30,183.65,,1178325
2025-09-04 13:44:58.519473+05:30,183.65,,1178325
2025-09-04 13:44:58.919204+05:30,183.65,,1178325
2025-09-04 13:44:59.498785+05:30,183.4,,1178325
2025-09-04 13:45:00.216548+05:30,184.1,,1178325
2025-09-04 13:45:00.497312+05:30,183.65,,1178325
2025-09-04 13:45:00.737049+05:30,183.65,,1178325
2025-09-04 13:45:01.218171+05:30,184.25,,1178325
2025-09-04 13:45:01.505076+05:30,184.05,,1178325
2025-09-04 13:45:01.937241+05:30,184.1,,1178325
2025-09-04 13:45:02.289965+05:30,184.1,,1178325
2025-09-04 13:45:03.312415+05:30,183.85,,1178325
2025-09-04 13:45:03.509767+05:30,184.25,,1178325
2025-09-04 13:45:03.925493+05:30,183.6,,1178325
2025-09-04 13:45:04.228765+05:30,183.85,,1178325
2025-09-04 13:45:05.251800+05:30,184.85,,1178325
2025-09-04 13:45:05.494315+05:30,184.2,,1178325
2025-09-04 13:45:06.202708+05:30,184.95,,1178325
2025-09-04 13:45:06.489136+05:30,185.2,,1178325
2025-09-04 13:45:06.946633+05:30,184.9,,1178325
2025-09-04 13:45:07.503070+05:30,185.0,,1178325
2025-09-04 13:45:08.182081+05:30,185.0,,1178325
2025-09-04 13:45:08.568559+05:30,184.35,,1178325
2025-09-04 13:45:08.956947+05:30,185.2,,1178325
2025-09-04 13:45:09.301005+05:30,185.4,,1178325
2025-09-04 13:45:10.188744+05:30,185.05,,1178325
2025-09-04 13:45:10.518085+05:30,185.35,,1178325
2025-09-04 13:45:11.184677+05:30,185.65,,1178325
2025-09-04 13:45:11.908784+05:30,185.4,,1178325
2025-09-04 13:45:12.254067+05:30,185.4,,1178325
2025-09-04 13:45:13.266875+05:30,183.8,,1178325
2025-09-04 13:45:13.445678+05:30,184.75,,1178325
2025-09-04 13:45:13.924135+05:30,184.75,,1178325
2025-09-04 13:45:14.269764+05:30,184.9,,1178325
2025-09-04 13:45:15.194729+05:30,185.05,,1178325
2025-09-04 13:45:15.510100+05:30,185.05,,1178325
2025-09-04 13:45:16.244630+05:30,183.45,,1178325
2025-09-04 13:45:16.929020+05:30,184.6,,1178325
2025-09-04 13:45:17.226931+05:30,184.45,,1178325
2025-09-04 13:45:18.250191+05:30,184.55,,1178325
2025-09-04 13:45:18.493437+05:30,184.2,,1178325
2025-09-04 13:45:18.920075+05:30,184.2,,1178325
2025-09-04 13:45:19.181628+05:30,184.0,,1178325
2025-09-04 13:45:20.180164+05:30,183.3,,1178325
2025-09-04 13:45:20.492897+05:30,183.7,,1178325
2025-09-04 13:45:21.188326+05:30,183.75,,1178325
2025-09-04 13:45:21.929133+05:30,184.2,,1178325
2025-09-04 13:45:22.236150+05:30,183.75,,1178325
2025-09-04 13:45:23.304430+05:30,182.8,,1178325
2025-09-04 13:45:23.470761+05:30,182.8,,1178325
2025-09-04 13:45:23.930436+05:30,182.8,,1178325
2025-09-04 13:45:24.488848+05:30,181.55,,1178325
2025-09-04 13:45:25.284677+05:30,181.7,,1178325
2025-09-04 13:45:25.464815+05:30,181.25,,1178325
2025-09-04 13:45:26.180945+05:30,180.4,,1178325
2025-09-04 13:45:26.542975+05:30,180.5,,1178325
2025-09-04 13:45:26.944082+05:30,181.4,,1178325
2025-09-04 13:45:27.241833+05:30,181.5,,1178325
2025-09-04 13:45:28.186219+05:30,182.15,,1178325
2025-09-04 13:45:28.486531+05:30,182.2,,1178325
2025-09-04 13:45:28.902797+05:30,182.2,,1178325
2025-09-04 13:45:29.452809+05:30,182.05,,1178325
2025-09-04 13:45:30.220994+05:30,181.9,,1178325
2025-09-04 13:45:30.441803+05:30,181.9,,1178325
2025-09-04 13:45:31.297254+05:30,182.35,,1178325
2025-09-04 13:45:31.961868+05:30,182.2,,1178325
2025-09-04 13:45:32.274030+05:30,182.45,,1178325
2025-09-04 13:45:33.170752+05:30,182.35,,1178325
2025-09-04 13:45:33.423719+05:30,182.7,,1178325
2025-09-04 13:45:33.924134+05:30,182.8,,1178325
2025-09-04 13:45:34.425561+05:30,182.55,,1178325
2025-09-04 13:45:35.187518+05:30,182.8,,1178325
2025-09-04 13:45:35.488215+05:30,182.8,,1178325
2025-09-04 13:45:36.188052+05:30,182.2,,1178325
2025-09-04 13:45:36.957648+05:30,182.2,,1178325
2025-09-04 13:45:37.416128+05:30,182.6,,1178325
2025-09-04 13:45:38.257673+05:30,183.0,,1178325
2025-09-04 13:45:38.483015+05:30,183.0,,1178325
2025-09-04 13:45:38.925180+05:30,182.65,,1178325
2025-09-04 13:45:39.258909+05:30,182.7,,1178325
2025-09-04 13:45:40.202520+05:30,183.2,,1178325
2025-09-04 13:45:40.509695+05:30,183.25,,1178325
2025-09-04 13:45:41.172903+05:30,183.25,,1178325
2025-09-04 13:45:41.460113+05:30,183.25,,1178325
2025-09-04 13:45:41.961247+05:30,182.95,,1178325
2025-09-04 13:45:42.217314+05:30,182.95,,1178325
2025-09-04 13:45:43.233911+05:30,183.8,,1178325
2025-09-04 13:45:43.503807+05:30,183.8,,1178325
2025-09-04 13:45:43.925800+05:30,183.2,,1178325
2025-09-04 13:45:44.508253+05:30,183.2,,1178325
2025-09-04 13:45:45.210739+05:30,183.85,,1178325
2025-09-04 13:45:45.472108+05:30,182.9,,1178325
2025-09-04 13:45:46.203394+05:30,183.05,,1178325
2025-09-04 13:45:46.566356+05:30,182.75,,1178325
2025-09-04 13:45:46.962034+05:30,182.1,,1178325
2025-09-04 13:45:47.203386+05:30,182.85,,1178325
2025-09-04 13:45:47.454296+05:30,182.85,,1178325
2025-09-04 13:45:48.253422+05:30,181.9,,1178325
2025-09-04 13:45:48.510111+05:30,181.9,,1178325
2025-09-04 13:45:48.923767+05:30,182.25,,1178325
2025-09-04 13:45:49.250819+05:30,182.25,,1178325
2025-09-04 13:45:50.195919+05:30,182.7,,1178325
2025-09-04 13:45:50.507830+05:30,182.15,,1178325
2025-09-04 13:45:51.184722+05:30,181.9,,1178325
2025-09-04 13:45:51.426712+05:30,180.95,,1178325
2025-09-04 13:45:51.652571+05:30,181.7,,1178325
2025-09-04 13:45:52.217048+05:30,181.2,,1178325
2025-09-04 13:45:52.460940+05:30,181.15,,1178325
2025-09-04 13:45:53.334182+05:30,180.75,,1178325
2025-09-04 13:45:53.442028+05:30,180.95,,1178325
2025-09-04 13:45:53.924175+05:30,181.05,,1178325
2025-09-04 13:45:54.572777+05:30,181.2,,1178325
2025-09-04 13:45:55.216851+05:30,180.7,,1178325
2025-09-04 13:45:55.685614+05:30,180.6,,1178325
2025-09-04 13:45:56.217238+05:30,180.75,,1178325
2025-09-04 13:45:56.694237+05:30,180.45,,1178325
2025-09-04 13:45:57.214888+05:30,181.6,,1178325
2025-09-04 13:45:57.595717+05:30,180.9,,1178325
2025-09-04 13:45:58.297116+05:30,180.45,,1178325
2025-09-04 13:45:58.687302+05:30,180.45,,1178325
2025-09-04 13:45:58.951825+05:30,181.25,,1178325
2025-09-04 13:45:59.435630+05:30,181.45,,1178325
2025-09-04 13:46:00.258238+05:30,181.45,,1178325
2025-09-04 13:46:00.446582+05:30,181.65,,1178325
2025-09-04 13:46:01.201596+05:30,181.35,,1178325
2025-09-04 13:46:01.714809+05:30,181.4,,1178325
2025-09-04 13:46:02.274535+05:30,181.4,,1178325
2025-09-04 13:46:02.488151+05:30,181.4,,1178325
2025-09-04 13:46:03.261162+05:30,182.2,,1178325
2025-09-04 13:46:03.695997+05:30,182.2,,1178325
2025-09-04 13:46:03.991199+05:30,182.3,,1178325
2025-09-04 13:46:04.256667+05:30,182.3,,1178325
2025-09-04 13:46:05.217573+05:30,183.3,,1178325
2025-09-04 13:46:05.519807+05:30,183.3,,1178325
2025-09-04 13:46:06.192741+05:30,183.7,,1178325
2025-09-04 13:46:06.669366+05:30,183.4,,1178325
2025-09-04 13:46:07.170981+05:30,183.4,,1178325
2025-09-04 13:46:07.432059+05:30,183.5,,1178325
2025-09-04 13:46:08.271596+05:30,183.2,,1178325
2025-09-04 13:46:08.464494+05:30,183.2,,1178325
2025-09-04 13:46:08.975882+05:30,183.2,,1178325
2025-09-04 13:46:09.950678+05:30,182.4,,1178325
2025-09-04 13:46:10.232650+05:30,182.4,,1178325
2025-09-04 13:46:10.416233+05:30,182.0,,1178325
2025-09-04 13:46:11.275989+05:30,182.45,,1159350
2025-09-04 13:46:11.716840+05:30,182.6,,1159350
2025-09-04 13:46:12.186261+05:30,182.6,,1159350
2025-09-04 13:46:12.415139+05:30,182.6,,1159350
2025-09-04 13:46:13.222952+05:30,181.7,,1159350
2025-09-04 13:46:13.459139+05:30,183.6,,1159350
2025-09-04 13:46:13.964565+05:30,183.4,,1159350
2025-09-04 13:46:14.216675+05:30,183.4,,1159350
2025-09-04 13:46:15.233298+05:30,183.4,,1159350
2025-09-04 13:46:15.432556+05:30,183.4,,1159350
2025-09-04 13:46:16.237981+05:30,183.2,,1159350
2025-09-04 13:46:16.522904+05:30,182.6,,1159350
2025-09-04 13:46:16.685491+05:30,183.1,,1159350
2025-09-04 13:46:17.180291+05:30,184.2,,1159350
2025-09-04 13:46:18.301001+05:30,184.2,,1159350
2025-09-04 13:46:18.727904+05:30,184.2,,1159350
2025-09-04 13:46:18.960646+05:30,184.2,,1159350
2025-09-04 13:46:19.191419+05:30,183.7,,1159350
2025-09-04 13:46:20.189251+05:30,184.05,,1159350
2025-09-04 13:46:20.529792+05:30,184.05,,1159350
2025-09-04 13:46:21.219613+05:30,184.95,,1159350
2025-09-04 13:46:21.693741+05:30,184.2,,1159350
2025-09-04 13:46:22.291053+05:30,183.95,,1159350
2025-09-04 13:46:22.576236+05:30,184.05,,1159350
2025-09-04 13:46:23.263922+05:30,184.05,,1159350
2025-09-04 13:46:23.535255+05:30,184.15,,1159350
2025-09-04 13:46:23.999194+05:30,183.6,,1159350
2025-09-04 13:46:24.254521+05:30,184.0,,1159350
2025-09-04 13:46:24.521663+05:30,184.0,,1159350
2025-09-04 13:46:25.188697+05:30,183.95,,1159350
2025-09-04 13:46:25.408235+05:30,183.95,,1159350
2025-09-04 13:46:26.181156+05:30,183.95,,1159350
2025-09-04 13:46:26.524741+05:30,184.5,,1159350
2025-09-04 13:46:26.747598+05:30,184.5,,1159350
2025-09-04 13:46:27.271971+05:30,184.5,,1159350
2025-09-04 13:46:27.472371+05:30,183.85,,1159350
2025-09-04 13:46:28.219632+05:30,183.1,,1159350
2025-09-04 13:46:28.521624+05:30,183.6,,1159350
2025-09-04 13:46:28.962104+05:30,183.75,,1159350
2025-09-04 13:46:29.277316+05:30,183.8,,1159350
2025-09-04 13:46:30.260724+05:30,183.55,,1159350
2025-09-04 13:46:30.493753+05:30,183.55,,1159350
2025-09-04 13:46:30.699568+05:30,183.55,,1159350
2025-09-04 13:46:31.204556+05:30,184.0,,1159350
2025-09-04 13:46:31.710260+05:30,183.95,,1159350
2025-09-04 13:46:32.171854+05:30,183.3,,1159350
2025-09-04 13:46:33.211682+05:30,182.65,,1159350
2025-09-04 13:46:33.668794+05:30,182.65,,1159350
2025-09-04 13:46:33.944410+05:30,183.0,,1159350
2025-09-04 13:46:34.202244+05:30,182.1,,1159350
2025-09-04 13:46:35.231887+05:30,183.95,,1159350
2025-09-04 13:46:35.461693+05:30,183.95,,1159350
2025-09-04 13:46:36.252985+05:30,183.45,,1159350
2025-09-04 13:46:36.660673+05:30,183.25,,1159350
2025-09-04 13:46:37.173503+05:30,183.9,,1159350
2025-09-04 13:46:38.288161+05:30,184.15,,1159350
2025-09-04 13:46:38.505139+05:30,184.25,,1159350
2025-09-04 13:46:38.923407+05:30,184.45,,1159350
2025-09-04 13:46:39.189900+05:30,184.45,,1159350
2025-09-04 13:46:39.451802+05:30,185.0,,1159350
2025-09-04 13:46:40.251894+05:30,185.2,,1159350
2025-09-04 13:46:40.529210+05:30,185.2,,1159350
2025-09-04 13:46:41.240730+05:30,185.25,,1159350
2025-09-04 13:46:41.435351+05:30,185.25,,1159350
2025-09-04 13:46:41.703972+05:30,185.75,,1159350
2025-09-04 13:46:42.206005+05:30,185.4,,1159350
2025-09-04 13:46:42.430851+05:30,185.4,,1159350
2025-09-04 13:46:43.233480+05:30,185.3,,1159350
2025-09-04 13:46:43.465010+05:30,184.8,,1159350
2025-09-04 13:46:43.944566+05:30,184.8,,1159350
2025-09-04 13:46:44.210002+05:30,183.9,,1159350
2025-09-04 13:46:44.516026+05:30,184.05,,1159350
2025-09-04 13:46:45.182166+05:30,183.85,,1159350
2025-09-04 13:46:45.514977+05:30,183.55,,1159350
2025-09-04 13:46:46.257219+05:30,183.5,,1159350
2025-09-04 13:46:46.962277+05:30,184.6,,1159350
2025-09-04 13:46:47.450278+05:30,184.15,,1159350
2025-09-04 13:46:48.169741+05:30,184.35,,1159350
2025-09-04 13:46:48.766224+05:30,184.5,,1159350
2025-09-04 13:46:48.922873+05:30,184.35,,1159350
2025-09-04 13:46:49.212321+05:30,184.25,,1159350
2025-09-04 13:46:50.276726+05:30,183.9,,1159350
2025-09-04 13:46:50.425689+05:30,183.9,,1159350
2025-09-04 13:46:51.679656+05:30,184.3,,1159350
2025-09-04 13:46:52.263781+05:30,183.9,,1159350
2025-09-04 13:46:53.285134+05:30,184.35,,1159350
2025-09-04 13:46:53.481301+05:30,184.0,,1159350
2025-09-04 13:46:53.931592+05:30,184.0,,1159350
2025-09-04 13:46:54.190535+05:30,183.6,,1159350
2025-09-04 13:46:55.258174+05:30,183.3,,1159350
2025-09-04 13:46:55.436498+05:30,183.3,,1159350
2025-09-04 13:46:56.274947+05:30,183.15,,1159350
2025-09-04 13:46:56.951058+05:30,183.55,,1159350
2025-09-04 13:46:57.209827+05:30,183.2,,1159350
2025-09-04 13:46:58.300778+05:30,183.15,,1159350
2025-09-04 13:46:58.531830+05:30,183.5,,1159350
2025-09-04 13:46:59.179504+05:30,183.5,,1159350
2025-09-04 13:46:59.429159+05:30,183.65,,1159350
2025-09-04 13:47:00.206918+05:30,183.65,,1159350
2025-09-04 13:47:00.737948+05:30,183.65,,1159350
2025-09-04 13:47:01.232942+05:30,182.95,,1159350
2025-09-04 13:47:01.531225+05:30,182.9,,1159350
2025-09-04 13:47:01.974136+05:30,183.6,,1159350
2025-09-04 13:47:02.197165+05:30,183.6,,1159350
2025-09-04 13:47:02.513414+05:30,183.55,,1159350
2025-09-04 13:47:03.171958+05:30,183.45,,1159350
2025-09-04 13:47:03.656858+05:30,183.45,,1159350
2025-09-04 13:47:04.224605+05:30,183.8,,1159350
2025-09-04 13:47:04.466701+05:30,184.0,,1159350
2025-09-04 13:47:05.178774+05:30,185.05,,1159350
2025-09-04 13:47:05.707932+05:30,185.4,,1159350
2025-09-04 13:47:06.235690+05:30,184.9,,1159350
2025-09-04 13:47:06.963622+05:30,184.6,,1159350
2025-09-04 13:47:07.224597+05:30,184.6,,1159350
2025-09-04 13:47:08.311680+05:30,185.0,,1159350
2025-09-04 13:47:08.431620+05:30,185.0,,1159350
2025-09-04 13:47:09.257572+05:30,184.5,,1159350
2025-09-04 13:47:10.199185+05:30,184.25,,1159350
2025-09-04 13:47:10.533218+05:30,184.2,,1159350
2025-09-04 13:47:10.686353+05:30,184.2,,1159350
2025-09-04 13:47:11.239062+05:30,183.7,,1159350
2025-09-04 13:47:11.455974+05:30,183.7,,1159350
2025-09-04 13:47:11.981938+05:30,183.7,,1159350
2025-09-04 13:47:12.232918+05:30,184.05,,1159350
2025-09-04 13:47:13.212403+05:30,184.2,,1159350
2025-09-04 13:47:13.545845+05:30,183.95,,1159350
2025-09-04 13:47:14.182354+05:30,183.7,,1159350
2025-09-04 13:47:15.192067+05:30,184.65,,1159350
2025-09-04 13:47:15.436972+05:30,184.65,,1159350
2025-09-04 13:47:15.700321+05:30,184.5,,1159350
2025-09-04 13:47:16.186416+05:30,184.8,,1159350
2025-09-04 13:47:16.586730+05:30,184.25,,1159350
2025-09-04 13:47:16.961172+05:30,186.1,,1159350
2025-09-04 13:47:17.245744+05:30,186.2,,1159350
2025-09-04 13:47:17.471608+05:30,186.1,,1159350
2025-09-04 13:47:18.212114+05:30,185.95,,1159350
2025-09-04 13:47:18.505418+05:30,186.55,,1159350
2025-09-04 13:47:19.203842+05:30,186.75,,1159350
2025-09-04 13:47:20.190417+05:30,187.5,,1159350
2025-09-04 13:47:20.744751+05:30,187.5,,1159350
2025-09-04 13:47:21.200325+05:30,187.05,,1159350
2025-09-04 13:47:22.005823+05:30,187.15,,1159350
2025-09-04 13:47:22.221622+05:30,186.5,,1159350
2025-09-04 13:47:23.293973+05:30,186.95,,1159350
2025-09-04 13:47:23.520900+05:30,186.35,,1159350
2025-09-04 13:47:24.258252+05:30,186.7,,1159350
2025-09-04 13:47:25.206383+05:30,187.15,,1159350
2025-09-04 13:47:25.682588+05:30,187.45,,1159350
2025-09-04 13:47:26.197025+05:30,186.2,,1159350
2025-09-04 13:47:26.994762+05:30,186.0,,1159350
2025-09-04 13:47:27.177713+05:30,186.2,,1159350
2025-09-04 13:47:28.183736+05:30,186.6,,1159350
2025-09-04 13:47:28.446196+05:30,186.6,,1159350
2025-09-04 13:47:29.286975+05:30,186.15,,1159350
2025-09-04 13:47:29.929908+05:30,186.6,,1159350
2025-09-04 13:47:30.436508+05:30,185.9,,1159350
2025-09-04 13:47:30.687581+05:30,185.9,,1159350
2025-09-04 13:47:31.157800+05:30,185.75,,1159350
2025-09-04 13:47:31.487084+05:30,185.25,,1159350
2025-09-04 13:47:31.908434+05:30,185.95,,1159350
2025-09-04 13:47:32.201506+05:30,185.95,,1159350
2025-09-04 13:47:32.490520+05:30,185.7,,1159350
2025-09-04 13:47:33.153155+05:30,185.6,,1159350
2025-09-04 13:47:33.534489+05:30,186.0,,1159350
2025-09-04 13:47:33.906440+05:30,191.1,,1159350
2025-09-04 13:47:34.195270+05:30,190.85,,1159350
2025-09-04 13:47:35.164284+05:30,189.65,,1159350
2025-09-04 13:47:35.529417+05:30,190.1,,1159350
2025-09-04 13:47:35.739736+05:30,190.15,,1159350
2025-09-04 13:47:36.204305+05:30,189.75,,1159350
2025-09-04 13:47:36.913831+05:30,189.9,,1159350
2025-09-04 13:47:37.294374+05:30,190.05,,1159350
2025-09-04 13:47:37.476118+05:30,190.05,,1159350
2025-09-04 13:47:38.260645+05:30,190.3,,1159350
2025-09-04 13:47:38.580019+05:30,190.0,,1159350
2025-09-04 13:47:38.906179+05:30,189.85,,1159350
2025-09-04 13:47:39.223524+05:30,189.65,,1159350
2025-09-04 13:47:39.516359+05:30,189.25,,1159350
2025-09-04 13:47:40.171122+05:30,189.3,,1159350
2025-09-04 13:47:40.542162+05:30,188.95,,1159350
2025-09-04 13:47:40.656621+05:30,189.5,,1159350
2025-09-04 13:47:41.198881+05:30,189.1,,1159350
2025-09-04 13:47:41.929438+05:30,190.0,,1159350
2025-09-04 13:47:42.249738+05:30,189.5,,1159350
2025-09-04 13:47:42.451296+05:30,189.5,,1159350
2025-09-04 13:47:43.296087+05:30,189.55,,1159350
2025-09-04 13:47:43.542838+05:30,189.55,,1159350
2025-09-04 13:47:43.906108+05:30,190.2,,1159350
2025-09-04 13:47:44.273869+05:30,189.85,,1159350
2025-09-04 13:47:44.499315+05:30,189.95,,1159350
2025-09-04 13:47:45.168327+05:30,190.45,,1159350
2025-09-04 13:47:45.523596+05:30,190.0,,1159350
2025-09-04 13:47:45.689647+05:30,190.05,,1159350
2025-09-04 13:47:46.230609+05:30,189.85,,1159350
2025-09-04 13:47:46.434741+05:30,191.5,,1159350
2025-09-04 13:47:46.960171+05:30,190.2,,1159350
2025-09-04 13:47:47.173928+05:30,190.2,,1159350
2025-09-04 13:47:47.490844+05:30,190.3,,1159350
2025-09-04 13:47:48.180752+05:30,189.2,,1159350
2025-09-04 13:47:48.482705+05:30,189.5,,1159350
2025-09-04 13:47:48.906287+05:30,189.45,,1159350
2025-09-04 13:47:49.294517+05:30,188.95,,1159350
2025-09-04 13:47:49.527193+05:30,189.1,,1159350
2025-09-04 13:47:50.158152+05:30,188.15,,1159350
2025-09-04 13:47:50.468328+05:30,188.15,,1159350
2025-09-04 13:47:50.683123+05:30,188.0,,1159350
2025-09-04 13:47:51.163489+05:30,187.8,,1159350
2025-09-04 13:47:51.424703+05:30,187.75,,1159350
2025-09-04 13:47:51.960114+05:30,187.85,,1159350
2025-09-04 13:47:52.504686+05:30,187.4,,1159350
2025-09-04 13:47:53.261622+05:30,187.6,,1159350
2025-09-04 13:47:53.476030+05:30,188.3,,1159350
2025-09-04 13:47:53.906730+05:30,188.3,,1159350
2025-09-04 13:47:54.203721+05:30,188.4,,1159350
2025-09-04 13:47:54.429035+05:30,188.2,,1159350
2025-09-04 13:47:55.186747+05:30,187.5,,1159350
2025-09-04 13:47:55.726149+05:30,187.1,,1159350
2025-09-04 13:47:56.238427+05:30,187.85,,1159350
2025-09-04 13:47:56.954797+05:30,188.0,,1159350
2025-09-04 13:47:57.258538+05:30,187.65,,1159350
2025-09-04 13:47:58.287397+05:30,188.35,,1159350
2025-09-04 13:47:58.467830+05:30,187.5,,1159350
2025-09-04 13:47:58.912842+05:30,187.5,,1159350
2025-09-04 13:47:59.285917+05:30,187.5,,1159350
2025-09-04 13:48:00.210303+05:30,187.5,,1159350
2025-09-04 13:48:00.511029+05:30,187.65,,1159350
2025-09-04 13:48:00.726892+05:30,187.65,,1159350
2025-09-04 13:48:01.203804+05:30,187.65,,1159350
2025-09-04 13:48:01.495255+05:30,188.0,,1159350
2025-09-04 13:48:01.950596+05:30,188.5,,1159350
2025-09-04 13:48:02.196143+05:30,188.6,,1159350
2025-09-04 13:48:02.514990+05:30,187.45,,1159350
2025-09-04 13:48:03.170728+05:30,187.2,,1159350
2025-09-04 13:48:03.478275+05:30,188.1,,1159350
2025-09-04 13:48:03.907156+05:30,188.0,,1159350
2025-09-04 13:48:04.189245+05:30,188.0,,1159350
2025-09-04 13:48:04.528272+05:30,187.7,,1159350
2025-09-04 13:48:05.198890+05:30,187.45,,1159350
2025-09-04 13:48:05.475587+05:30,188.0,,1159350
2025-09-04 13:48:05.737978+05:30,188.5,,1159350
2025-09-04 13:48:06.171721+05:30,188.25,,1159350
2025-09-04 13:48:06.490406+05:30,187.7,,1159350
2025-09-04 13:48:06.966325+05:30,188.1,,1159350
2025-09-04 13:48:07.247751+05:30,188.2,,1159350
2025-09-04 13:48:08.287891+05:30,188.0,,1159350
2025-09-04 13:48:08.526071+05:30,188.2,,1159350
2025-09-04 13:48:08.903004+05:30,188.45,,1159350
2025-09-04 13:48:09.197276+05:30,188.1,,1159350
2025-09-04 13:48:09.484537+05:30,188.1,,1159350
2025-09-04 13:48:10.250035+05:30,188.25,,1159350
2025-09-04 13:48:10.407203+05:30,188.25,,1159350
2025-09-04 13:48:10.709949+05:30,188.25,,1159350
2025-09-04 13:48:11.179237+05:30,188.7,,1159350
2025-09-04 13:48:11.917803+05:30,188.4,,1159350
2025-09-04 13:48:12.202162+05:30,188.4,,1159350
2025-09-04 13:48:12.429892+05:30,189.5,,1159350
2025-09-04 13:48:13.157673+05:30,189.75,,1159350
2025-09-04 13:48:13.517391+05:30,190.0,,1159350
2025-09-04 13:48:13.973529+05:30,190.0,,1159350
2025-09-04 13:48:14.187277+05:30,190.0,,1159350
2025-09-04 13:48:14.462103+05:30,189.45,,1159350
2025-09-04 13:48:15.239969+05:30,189.8,,1159350
2025-09-04 13:48:15.703928+05:30,190.0,,1159350
2025-09-04 13:48:16.256728+05:30,191.65,,1159350
2025-09-04 13:48:16.959847+05:30,191.6,,1159350
2025-09-04 13:48:17.236882+05:30,191.4,,1159350
2025-09-04 13:48:18.244356+05:30,191.55,,1159350
2025-09-04 13:48:18.510592+05:30,191.45,,1159350
2025-09-04 13:48:18.949015+05:30,191.45,,1159350
2025-09-04 13:48:19.190741+05:30,191.55,,1159350
2025-09-04 13:48:19.481588+05:30,191.9,,1159350
2025-09-04 13:48:20.201111+05:30,192.3,,1159350
2025-09-04 13:48:20.504767+05:30,192.8,,1159350
2025-09-04 13:48:20.743918+05:30,192.85,,1159350
2025-09-04 13:48:21.215016+05:30,192.45,,1159350
2025-09-04 13:48:21.484645+05:30,193.2,,1159350
2025-09-04 13:48:21.929740+05:30,193.05,,1159350
2025-09-04 13:48:22.174327+05:30,192.9,,1159350
2025-09-04 13:48:22.401003+05:30,192.9,,1159350
2025-09-04 13:48:23.178804+05:30,192.8,,1159350
2025-09-04 13:48:23.520601+05:30,192.85,,1159350
2025-09-04 13:48:23.960061+05:30,193.3,,1159350
2025-09-04 13:48:24.213594+05:30,192.7,,1159350
2025-09-04 13:48:25.225867+05:30,192.75,,1159350
2025-09-04 13:48:25.683850+05:30,192.5,,1159350
2025-09-04 13:48:26.252050+05:30,192.3,,1159350
2025-09-04 13:48:26.907856+05:30,191.85,,1159350
2025-09-04 13:48:27.196046+05:30,191.6,,1159350
2025-09-04 13:48:28.189387+05:30,192.0,,1159350
2025-09-04 13:48:28.576772+05:30,191.4,,1159350
2025-09-04 13:48:28.927671+05:30,190.95,,1159350
2025-09-04 13:48:29.217534+05:30,190.95,,1159350
2025-09-04 13:48:30.175503+05:30,190.65,,1159350
2025-09-04 13:48:30.740635+05:30,191.35,,1159350
2025-09-04 13:48:31.254288+05:30,191.4,,1159350
2025-09-04 13:48:31.534667+05:30,191.4,,1159350
2025-09-04 13:48:31.928977+05:30,190.85,,1159350
2025-09-04 13:48:32.255896+05:30,190.55,,1159350
2025-09-04 13:48:33.217306+05:30,190.9,,1159350
2025-09-04 13:48:33.424121+05:30,190.9,,1159350
2025-09-04 13:48:33.960238+05:30,190.9,,1159350
2025-09-04 13:48:34.211034+05:30,191.1,,1159350
2025-09-04 13:48:35.206492+05:30,190.55,,1159350
2025-09-04 13:48:35.426727+05:30,190.55,,1159350
2025-09-04 13:48:35.776262+05:30,190.9,,1159350
2025-09-04 13:48:36.180216+05:30,190.9,,1159350
2025-09-04 13:48:36.520008+05:30,190.95,,1159350
2025-09-04 13:48:36.949383+05:30,190.95,,1159350
2025-09-04 13:48:37.156871+05:30,191.1,,1159350
2025-09-04 13:48:38.234008+05:30,191.4,,1159350
2025-09-04 13:48:38.715571+05:30,192.3,,1159350
2025-09-04 13:48:38.980259+05:30,192.6,,1159350
2025-09-04 13:48:39.264438+05:30,192.35,,1159350
2025-09-04 13:48:39.475629+05:30,192.4,,1159350
2025-09-04 13:48:40.218814+05:30,192.25,,1159350
2025-09-04 13:48:40.414166+05:30,192.35,,1159350
2025-09-04 13:48:40.709660+05:30,192.35,,1159350
2025-09-04 13:48:41.163278+05:30,192.3,,1159350
2025-09-04 13:48:41.542290+05:30,192.25,,1159350
2025-09-04 13:48:41.932801+05:30,192.05,,1159350
2025-09-04 13:48:42.239049+05:30,192.15,,1159350
2025-09-04 13:48:43.209647+05:30,192.15,,1159350
2025-09-04 13:48:43.452050+05:30,191.8,,1159350
2025-09-04 13:48:43.943528+05:30,192.3,,1159350
2025-09-04 13:48:44.223047+05:30,192.0,,1159350
2025-09-04 13:48:44.777642+05:30,192.3,,1159350
2025-09-04 13:48:45.191529+05:30,192.0,,1159350
2025-09-04 13:48:45.508208+05:30,191.3,,1159350
2025-09-04 13:48:45.771526+05:30,191.6,,1159350
2025-09-04 13:48:46.211442+05:30,192.4,,1159350
2025-09-04 13:48:46.502588+05:30,193.0,,1159350
2025-09-04 13:48:47.195434+05:30,193.85,,1159350
2025-09-04 13:48:47.519857+05:30,193.5,,1159350
2025-09-04 13:48:48.197788+05:30,193.4,,1159350
2025-09-04 13:48:48.720900+05:30,193.5,,1159350
2025-09-04 13:48:48.923461+05:30,193.65,,1159350
2025-09-04 13:48:49.290737+05:30,193.5,,1159350
2025-09-04 13:48:49.407144+05:30,194.45,,1159350
2025-09-04 13:48:50.176679+05:30,196.1,,1159350
2025-09-04 13:48:50.693822+05:30,195.55,,1159350
2025-09-04 13:48:51.259228+05:30,195.55,,1159350
2025-09-04 13:48:51.452852+05:30,196.2,,1159350
2025-09-04 13:48:52.162097+05:30,195.9,,1159350
2025-09-04 13:48:53.157194+05:30,195.8,,1159350
2025-09-04 13:48:53.767151+05:30,197.1,,1159350
2025-09-04 13:48:53.940912+05:30,197.0,,1159350
2025-09-04 13:48:54.224676+05:30,197.0,,1159350
2025-09-04 13:48:54.428813+05:30,197.6,,1159350
2025-09-04 13:48:55.180514+05:30,196.8,,1159350
2025-09-04 13:48:55.427421+05:30,196.95,,1159350
2025-09-04 13:48:56.174234+05:30,196.7,,1159350
2025-09-04 13:48:56.578524+05:30,196.15,,1159350
2025-09-04 13:48:57.235343+05:30,196.05,,1159350
2025-09-04 13:48:57.452533+05:30,196.4,,1159350
2025-09-04 13:48:58.157274+05:30,196.0,,1159350
2025-09-04 13:48:58.484812+05:30,196.8,,1159350
2025-09-04 13:48:58.926739+05:30,196.3,,1159350
2025-09-04 13:48:59.164609+05:30,196.3,,1159350
2025-09-04 13:48:59.470414+05:30,196.35,,1159350
2025-09-04 13:49:00.249723+05:30,196.55,,1159350
2025-09-04 13:49:00.416829+05:30,196.7,,1159350
2025-09-04 13:49:00.678798+05:30,196.65,,1159350
2025-09-04 13:49:01.212218+05:30,196.35,,1159350
2025-09-04 13:49:01.471558+05:30,196.55,,1159350
2025-09-04 13:49:02.233271+05:30,197.05,,1159350
2025-09-04 13:49:02.727587+05:30,197.05,,1159350
2025-09-04 13:49:03.179338+05:30,196.2,,1159350
2025-09-04 13:49:03.485633+05:30,196.2,,1159350
2025-09-04 13:49:03.944311+05:30,196.3,,1159350
2025-09-04 13:49:04.162980+05:30,196.3,,1159350
2025-09-04 13:49:04.461214+05:30,196.3,,1159350
2025-09-04 13:49:05.190356+05:30,196.5,,1159350
2025-09-04 13:49:05.479902+05:30,196.85,,1159350
2025-09-04 13:49:06.249523+05:30,196.85,,1159350
2025-09-04 13:49:06.479212+05:30,197.2,,1159350
2025-09-04 13:49:07.252816+05:30,196.6,,1159350
2025-09-04 13:49:07.564466+05:30,196.3,,1159350
2025-09-04 13:49:08.175735+05:30,195.15,,1159350
2025-09-04 13:49:08.470671+05:30,195.25,,1159350
2025-09-04 13:49:08.771523+05:30,195.6,,1159350
2025-09-04 13:49:09.156797+05:30,194.35,,1159350
2025-09-04 13:49:09.461613+05:30,194.8,,1159350
2025-09-04 13:49:10.190809+05:30,195.0,,1159350
2025-09-04 13:49:10.462438+05:30,195.05,,1159350
2025-09-04 13:49:11.186212+05:30,196.05,,1158750
2025-09-04 13:49:11.424392+05:30,196.15,,1158750
2025-09-04 13:49:11.932286+05:30,196.15,,1158750
2025-09-04 13:49:12.184108+05:30,196.5,,1158750
2025-09-04 13:49:12.443151+05:30,196.55,,1158750
2025-09-04 13:49:13.202134+05:30,195.9,,1158750
2025-09-04 13:49:13.519751+05:30,195.7,,1158750
2025-09-04 13:49:14.240587+05:30,196.35,,1158750
2025-09-04 13:49:14.443013+05:30,196.2,,1158750
2025-09-04 13:49:15.195332+05:30,197.0,,1158750
2025-09-04 13:49:15.405821+05:30,196.7,,1158750
2025-09-04 13:49:16.204071+05:30,194.25,,1158750
2025-09-04 13:49:16.551249+05:30,193.45,,1158750
2025-09-04 13:49:16.965711+05:30,192.75,,1158750
2025-09-04 13:49:17.211977+05:30,193.15,,1158750
2025-09-04 13:49:17.509591+05:30,192.95,,1158750
2025-09-04 13:49:18.278783+05:30,193.2,,1158750
2025-09-04 13:49:18.502017+05:30,193.2,,1158750
2025-09-04 13:49:19.202870+05:30,193.45,,1158750
2025-09-04 13:49:19.433427+05:30,193.3,,1158750
2025-09-04 13:49:20.201543+05:30,193.0,,1158750
2025-09-04 13:49:20.556090+05:30,193.0,,1158750
2025-09-04 13:49:21.161930+05:30,193.75,,1158750
2025-09-04 13:49:21.481139+05:30,193.65,,1158750
2025-09-04 13:49:21.918335+05:30,193.0,,1158750
2025-09-04 13:49:22.205567+05:30,192.8,,1158750
2025-09-04 13:49:22.495270+05:30,192.4,,1158750
2025-09-04 13:49:23.264115+05:30,191.65,,1158750
2025-09-04 13:49:23.510571+05:30,191.65,,1158750
2025-09-04 13:49:23.698932+05:30,191.35,,1158750
2025-09-04 13:49:24.254815+05:30,191.25,,1158750
2025-09-04 13:49:24.491384+05:30,191.25,,1158750
2025-09-04 13:49:25.159780+05:30,192.95,,1158750
2025-09-04 13:49:25.451999+05:30,192.95,,1158750
2025-09-04 13:49:25.681480+05:30,193.45,,1158750
2025-09-04 13:49:26.156974+05:30,193.45,,1158750
2025-09-04 13:49:26.457719+05:30,193.65,,1158750
2025-09-04 13:49:26.915389+05:30,193.75,,1158750
2025-09-04 13:49:27.208047+05:30,193.7,,1158750
2025-09-04 13:49:27.406433+05:30,193.7,,1158750
2025-09-04 13:49:28.156575+05:30,194.25,,1158750
2025-09-04 13:49:28.433237+05:30,194.25,,1158750
2025-09-04 13:49:28.686567+05:30,193.65,,1158750
2025-09-04 13:49:29.259263+05:30,193.9,,1158750
2025-09-04 13:49:29.700899+05:30,193.9,,1158750
2025-09-04 13:49:30.156557+05:30,193.9,,1158750
2025-09-04 13:49:30.520250+05:30,193.9,,1158750
2025-09-04 13:49:31.235816+05:30,194.1,,1158750
2025-09-04 13:49:31.528667+05:30,194.15,,1158750
2025-09-04 13:49:31.933292+05:30,194.05,,1158750
2025-09-04 13:49:32.179046+05:30,194.45,,1158750
2025-09-04 13:49:32.491299+05:30,194.45,,1158750
2025-09-04 13:49:33.232476+05:30,194.8,,1158750
2025-09-04 13:49:33.430035+05:30,194.6,,1158750
2025-09-04 13:49:33.727613+05:30,194.6,,1158750
2025-09-04 13:49:34.185246+05:30,195.0,,1158750
2025-09-04 13:49:34.470822+05:30,194.95,,1158750
2025-09-04 13:49:35.222066+05:30,194.65,,1158750
2025-09-04 13:49:35.441360+05:30,195.55,,1158750
2025-09-04 13:49:36.208817+05:30,195.1,,1158750
2025-09-04 13:49:36.714675+05:30,195.1,,1158750
2025-09-04 13:49:36.954573+05:30,195.65,,1158750
2025-09-04 13:49:37.261848+05:30,195.65,,1158750
2025-09-04 13:49:37.446420+05:30,195.75,,1158750
2025-09-04 13:49:38.231263+05:30,196.35,,1158750
2025-09-04 13:49:38.476854+05:30,196.55,,1158750
2025-09-04 13:49:38.705084+05:30,196.55,,1158750
2025-09-04 13:49:39.242710+05:30,195.65,,1158750
2025-09-04 13:49:39.455704+05:30,195.35,,1158750
2025-09-04 13:49:40.183075+05:30,195.25,,1158750
2025-09-04 13:49:40.499912+05:30,195.55,,1158750
2025-09-04 13:49:41.212737+05:30,195.1,,1158750
2025-09-04 13:49:41.732106+05:30,195.1,,1158750
2025-09-04 13:49:41.900392+05:30,195.0,,1158750
2025-09-04 13:49:42.199966+05:30,194.45,,1158750
2025-09-04 13:49:42.473807+05:30,194.1,,1158750
2025-09-04 13:49:43.217812+05:30,192.6,,1158750
2025-09-04 13:49:43.524201+05:30,192.6,,1158750
2025-09-04 13:49:43.676797+05:30,192.3,,1158750
2025-09-04 13:49:44.155549+05:30,192.9,,1158750
2025-09-04 13:49:44.429117+05:30,192.9,,1158750
2025-09-04 13:49:45.185259+05:30,192.35,,1158750
2025-09-04 13:49:45.410054+05:30,192.8,,1158750
2025-09-04 13:49:45.680261+05:30,192.7,,1158750
2025-09-04 13:49:46.230506+05:30,192.05,,1158750
2025-09-04 13:49:46.672943+05:30,192.05,,1158750
2025-09-04 13:49:46.904966+05:30,192.05,,1158750
2025-09-04 13:49:47.221497+05:30,192.45,,1158750
2025-09-04 13:49:47.750270+05:30,192.45,,1158750
2025-09-04 13:49:48.245987+05:30,192.15,,1158750
2025-09-04 13:49:48.412353+05:30,192.3,,1158750
2025-09-04 13:49:48.709256+05:30,192.3,,1158750
2025-09-04 13:49:49.233827+05:30,192.2,,1158750
2025-09-04 13:49:49.451221+05:30,192.2,,1158750
2025-09-04 13:49:50.457669+05:30,192.3,,1158750
2025-09-04 13:49:51.214920+05:30,192.3,,1158750
2025-09-04 13:49:51.457856+05:30,192.4,,1158750
2025-09-04 13:49:51.933179+05:30,192.85,,1158750
2025-09-04 13:49:52.206241+05:30,192.85,,1158750
2025-09-04 13:49:52.424165+05:30,192.6,,1158750
2025-09-04 13:49:53.180599+05:30,193.2,,1158750
2025-09-04 13:49:53.466201+05:30,193.2,,1158750
2025-09-04 13:49:53.683892+05:30,193.35,,1158750
2025-09-04 13:49:53.905099+05:30,193.25,,1158750
2025-09-04 13:49:54.190982+05:30,193.75,,1158750
2025-09-04 13:49:54.541339+05:30,193.6,,1158750
2025-09-04 13:49:55.173770+05:30,193.6,,1158750
2025-09-04 13:49:55.428542+05:30,193.6,,1158750
2025-09-04 13:49:55.719272+05:30,193.75,,1158750
2025-09-04 13:49:56.172862+05:30,193.55,,1158750
2025-09-04 13:49:56.422468+05:30,193.25,,1158750
2025-09-04 13:49:56.932572+05:30,193.5,,1158750
2025-09-04 13:49:57.196764+05:30,193.6,,1158750
2025-09-04 13:49:57.492503+05:30,193.85,,1158750
2025-09-04 13:49:58.235757+05:30,192.6,,1158750
2025-09-04 13:49:58.501839+05:30,192.6,,1158750
2025-09-04 13:49:58.772699+05:30,192.2,,1158750
2025-09-04 13:49:59.188981+05:30,190.9,,1158750
2025-09-04 13:49:59.759238+05:30,191.8,,1158750
2025-09-04 13:50:00.181641+05:30,191.9,,1158750
2025-09-04 13:50:00.457067+05:30,191.9,,1158750
2025-09-04 13:50:00.669361+05:30,192.25,,1158750
2025-09-04 13:50:01.165021+05:30,192.75,,1158750
2025-09-04 13:50:01.437601+05:30,192.75,,1158750
2025-09-04 13:50:01.954207+05:30,192.2,,1158750
2025-09-04 13:50:02.264010+05:30,192.2,,1158750
2025-09-04 13:50:02.417002+05:30,191.65,,1158750
2025-09-04 13:50:03.221930+05:30,191.85,,1158750
2025-09-04 13:50:03.407505+05:30,192.4,,1158750
2025-09-04 13:50:03.749188+05:30,192.3,,1158750
2025-09-04 13:50:04.241644+05:30,191.95,,1158750
2025-09-04 13:50:04.774631+05:30,191.95,,1158750
2025-09-04 13:50:05.238430+05:30,192.35,,1158750
2025-09-04 13:50:05.483025+05:30,192.0,,1158750
2025-09-04 13:50:06.169365+05:30,192.0,,1158750
2025-09-04 13:50:06.543925+05:30,192.1,,1158750
2025-09-04 13:50:06.976138+05:30,192.25,,1158750
2025-09-04 13:50:07.232906+05:30,192.0,,1158750
2025-09-04 13:50:07.431472+05:30,192.0,,1158750
2025-09-04 13:50:08.243265+05:30,191.2,,1158750
2025-09-04 13:50:08.507637+05:30,191.6,,1158750
2025-09-04 13:50:08.744795+05:30,191.85,,1158750
2025-09-04 13:50:09.161857+05:30,191.45,,1158750
2025-09-04 13:50:09.696714+05:30,191.45,,1158750
2025-09-04 13:50:10.198416+05:30,191.45,,1158750
2025-09-04 13:50:10.410995+05:30,191.45,,1158750
2025-09-04 13:50:11.217836+05:30,191.35,,1158750
2025-09-04 13:50:11.755343+05:30,191.35,,1158750
2025-09-04 13:50:11.938803+05:30,192.4,,1158750
2025-09-04 13:50:12.249222+05:30,191.9,,1158750
2025-09-04 13:50:12.429189+05:30,191.8,,1158750
2025-09-04 13:50:13.177439+05:30,190.55,,1158750
2025-09-04 13:50:13.488306+05:30,190.95,,1158750
2025-09-04 13:50:13.692063+05:30,190.9,,1158750
2025-09-04 13:50:14.178248+05:30,190.6,,1158750
2025-09-04 13:50:14.530065+05:30,191.3,,1158750
2025-09-04 13:50:15.502846+05:30,190.65,,1158750
2025-09-04 13:50:15.748386+05:30,190.55,,1158750
2025-09-04 13:50:16.440104+05:30,189.85,,1158750
2025-09-04 13:50:16.955638+05:30,191.45,,1158750
2025-09-04 13:50:17.284596+05:30,192.75,,1158750
2025-09-04 13:50:17.459640+05:30,192.75,,1158750
2025-09-04 13:50:18.463286+05:30,192.55,,1158750
2025-09-04 13:50:18.733160+05:30,192.2,,1158750
2025-09-04 13:50:19.205372+05:30,194.1,,1158750
2025-09-04 13:50:19.429571+05:30,194.1,,1158750
2025-09-04 13:50:20.197573+05:30,194.75,,1158750
2025-09-04 13:50:20.524326+05:30,194.45,,1158750
2025-09-04 13:50:20.715786+05:30,194.35,,1158750
2025-09-04 13:50:21.213500+05:30,194.75,,1158750
2025-09-04 13:50:21.487419+05:30,194.55,,1158750
2025-09-04 13:50:21.931866+05:30,195.25,,1158750
2025-09-04 13:50:22.495947+05:30,195.45,,1158750
2025-09-04 13:50:23.568381+05:30,196.1,,1158750
2025-09-04 13:50:23.702678+05:30,196.0,,1158750
2025-09-04 13:50:24.192005+05:30,195.55,,1158750
2025-09-04 13:50:24.690238+05:30,196.4,,1158750
2025-09-04 13:50:25.173202+05:30,197.65,,1158750
2025-09-04 13:50:25.799388+05:30,197.6,,1158750
2025-09-04 13:50:26.447022+05:30,198.45,,1158750
2025-09-04 13:50:26.971328+05:30,198.9,,1158750
2025-09-04 13:50:27.405076+05:30,198.9,,1158750
2025-09-04 13:50:28.568101+05:30,199.3,,1158750
2025-09-04 13:50:28.741415+05:30,198.5,,1158750
2025-09-04 13:50:29.164163+05:30,196.8,,1158750
2025-09-04 13:50:29.555034+05:30,197.8,,1158750
2025-09-04 13:50:30.264566+05:30,197.55,,1158750
2025-09-04 13:50:30.404124+05:30,197.4,,1158750
2025-09-04 13:50:30.985934+05:30,197.4,,1158750
2025-09-04 13:50:31.438348+05:30,197.5,,1158750
2025-09-04 13:50:31.939002+05:30,197.15,,1158750
2025-09-04 13:50:32.496737+05:30,196.45,,1158750
2025-09-04 13:50:33.492743+05:30,196.4,,1158750
2025-09-04 13:50:33.745733+05:30,196.65,,1158750
2025-09-04 13:50:34.205309+05:30,196.6,,1158750
2025-09-04 13:50:34.413443+05:30,196.55,,1158750
2025-09-04 13:50:35.502067+05:30,197.0,,1158750
2025-09-04 13:50:35.755413+05:30,196.65,,1158750
2025-09-04 13:50:36.433124+05:30,197.05,,1158750
2025-09-04 13:50:36.982399+05:30,196.85,,1158750
2025-09-04 13:50:37.517207+05:30,196.55,,1158750
2025-09-04 13:50:37.758712+05:30,196.55,,1158750
2025-09-04 13:50:38.507330+05:30,197.0,,1158750
2025-09-04 13:50:38.705549+05:30,196.7,,1158750
2025-09-04 13:50:39.177314+05:30,195.85,,1158750
2025-09-04 13:50:39.505413+05:30,195.35,,1158750
2025-09-04 13:50:40.213763+05:30,194.7,,1158750
2025-09-04 13:50:40.445005+05:30,194.7,,1158750
2025-09-04 13:50:40.732772+05:30,194.5,,1158750
2025-09-04 13:50:41.191014+05:30,194.25,,1158750
2025-09-04 13:50:41.427735+05:30,194.25,,1158750
2025-09-04 13:50:41.967691+05:30,194.05,,1158750
2025-09-04 13:50:42.178179+05:30,194.0,,1158750
2025-09-04 13:50:42.450224+05:30,193.65,,1158750
2025-09-04 13:50:43.502072+05:30,192.95,,1158750
2025-09-04 13:50:43.664089+05:30,192.5,,1158750
2025-09-04 13:50:44.245365+05:30,193.2,,1158750
2025-09-04 13:50:44.405781+05:30,193.2,,1158750
2025-09-04 13:50:45.193150+05:30,192.95,,1158750
2025-09-04 13:50:45.465493+05:30,192.85,,1158750
2025-09-04 13:50:45.760566+05:30,192.85,,1158750
2025-09-04 13:50:46.217488+05:30,192.95,,1158750
2025-09-04 13:50:46.498265+05:30,192.95,,1158750
2025-09-04 13:50:46.943732+05:30,193.0,,1158750
2025-09-04 13:50:47.236090+05:30,193.0,,1158750
2025-09-04 13:50:47.430109+05:30,193.0,,1158750
2025-09-04 13:50:48.211292+05:30,191.75,,1158750
2025-09-04 13:50:48.485719+05:30,191.8,,1158750
2025-09-04 13:50:48.766588+05:30,191.8,,1158750
2025-09-04 13:50:49.169051+05:30,191.55,,1158750
2025-09-04 13:50:49.470378+05:30,191.55,,1158750
2025-09-04 13:50:50.213494+05:30,191.85,,1158750
2025-09-04 13:50:50.430911+05:30,192.1,,1158750
2025-09-04 13:50:50.696648+05:30,192.55,,1158750
2025-09-04 13:50:51.436778+05:30,192.0,,1158750
2025-09-04 13:50:51.979318+05:30,192.25,,1158750
2025-09-04 13:50:52.460299+05:30,192.3,,1158750
2025-09-04 13:50:53.576817+05:30,192.3,,1158750
2025-09-04 13:50:53.746844+05:30,192.3,,1158750
2025-09-04 13:50:53.938072+05:30,192.55,,1158750
2025-09-04 13:50:54.210771+05:30,191.7,,1158750
2025-09-04 13:50:54.698698+05:30,191.7,,1158750
2025-09-04 13:50:55.201998+05:30,191.7,,1158750
2025-09-04 13:50:55.775705+05:30,192.0,,1158750
2025-09-04 13:50:56.224769+05:30,192.0,,1158750
2025-09-04 13:50:56.448567+05:30,192.0,,1158750
2025-09-04 13:50:56.725728+05:30,192.3,,1158750
2025-09-04 13:50:57.465540+05:30,191.7,,1158750
2025-09-04 13:50:58.475174+05:30,191.65,,1158750
2025-09-04 13:50:58.942250+05:30,191.65,,1158750
2025-09-04 13:50:59.449167+05:30,192.15,,1158750
2025-09-04 13:51:00.540140+05:30,191.25,,1158750
2025-09-04 13:51:00.797193+05:30,191.25,,1158750
2025-09-04 13:51:01.454050+05:30,190.3,,1158750
2025-09-04 13:51:01.937194+05:30,190.3,,1158750
2025-09-04 13:51:02.481729+05:30,190.2,,1158750
2025-09-04 13:51:03.424715+05:30,190.4,,1158750
2025-09-04 13:51:03.967826+05:30,190.6,,1158750
2025-09-04 13:51:04.557929+05:30,190.1,,1158750
2025-09-04 13:51:05.485524+05:30,190.05,,1158750
2025-09-04 13:51:06.484292+05:30,189.4,,1158750
2025-09-04 13:51:06.938130+05:30,189.3,,1158750
2025-09-04 13:51:07.464769+05:30,188.6,,1158750
2025-09-04 13:51:07.729169+05:30,188.6,,1158750
2025-09-04 13:51:08.574704+05:30,188.2,,1158750
2025-09-04 13:51:08.904507+05:30,188.0,,1158750
2025-09-04 13:51:09.216439+05:30,188.1,,1158750
2025-09-04 13:51:09.452398+05:30,188.05,,1158750
2025-09-04 13:51:10.510364+05:30,188.6,,1158750
2025-09-04 13:51:11.522239+05:30,188.8,,1158750
2025-09-04 13:51:11.932411+05:30,188.8,,1158750
2025-09-04 13:51:12.249651+05:30,188.1,,1158750
2025-09-04 13:51:12.454471+05:30,188.1,,1158750
2025-09-04 13:51:13.449290+05:30,188.9,,1158750
2025-09-04 13:51:14.003581+05:30,189.05,,1158750
2025-09-04 13:51:14.185794+05:30,190.05,,1158750
2025-09-04 13:51:14.469518+05:30,190.05,,1158750
2025-09-04 13:51:15.417184+05:30,189.7,,1158750
2025-09-04 13:51:16.405610+05:30,189.65,,1158750
2025-09-04 13:51:16.926007+05:30,189.65,,1158750
2025-09-04 13:51:17.154862+05:30,190.2,,1158750
2025-09-04 13:51:17.478847+05:30,189.7,,1158750
2025-09-04 13:51:18.471927+05:30,189.7,,1158750
2025-09-04 13:51:18.704540+05:30,189.7,,1158750
2025-09-04 13:51:18.990245+05:30,189.7,,1158750
2025-09-04 13:51:19.216284+05:30,190.4,,1158750
2025-09-04 13:51:19.768206+05:30,189.75,,1158750
2025-09-04 13:51:20.208686+05:30,189.8,,1158750
2025-09-04 13:51:20.758185+05:30,188.7,,1158750
2025-09-04 13:51:21.499796+05:30,188.45,,1158750
2025-09-04 13:51:21.941871+05:30,188.6,,1158750
2025-09-04 13:51:22.184923+05:30,188.6,,1158750
2025-09-04 13:51:22.461029+05:30,188.5,,1158750
2025-09-04 13:51:23.474774+05:30,188.85,,1158750
2025-09-04 13:51:24.188733+05:30,186.85,,1158750
2025-09-04 13:51:24.508200+05:30,186.85,,1158750
2025-09-04 13:51:25.185213+05:30,186.2,,1158750
2025-09-04 13:51:25.461556+05:30,186.9,,1158750
2025-09-04 13:51:26.527434+05:30,186.8,,1158750
2025-09-04 13:51:26.917140+05:30,187.05,,1158750
2025-09-04 13:51:27.431582+05:30,186.9,,1158750
2025-09-04 13:51:28.457262+05:30,186.95,,1158750
2025-09-04 13:51:28.762598+05:30,186.95,,1158750
2025-09-04 13:51:29.187981+05:30,188.35,,1158750
2025-09-04 13:51:29.480178+05:30,188.35,,1158750
2025-09-04 13:51:30.188913+05:30,188.1,,1158750
2025-09-04 13:51:30.436240+05:30,187.9,,1158750
2025-09-04 13:51:31.227180+05:30,188.35,,1158750
2025-09-04 13:51:31.427956+05:30,188.35,,1158750
2025-09-04 13:51:31.942330+05:30,188.4,,1158750
2025-09-04 13:51:32.182435+05:30,189.1,,1158750
2025-09-04 13:51:32.529069+05:30,189.1,,1158750
2025-09-04 13:51:33.499426+05:30,188.65,,1158750
2025-09-04 13:51:33.904016+05:30,188.65,,1158750
2025-09-04 13:51:34.162658+05:30,189.0,,1158750
2025-09-04 13:51:34.453838+05:30,189.1,,1158750
2025-09-04 13:51:35.155086+05:30,188.8,,1158750
2025-09-04 13:51:35.475766+05:30,189.3,,1158750
2025-09-04 13:51:36.442712+05:30,188.85,,1158750
2025-09-04 13:51:36.759601+05:30,188.85,,1158750
2025-09-04 13:51:37.166387+05:30,189.45,,1158750
2025-09-04 13:51:37.439553+05:30,189.45,,1158750
2025-09-04 13:51:38.481761+05:30,189.6,,1158750
2025-09-04 13:51:38.983222+05:30,190.0,,1158750
2025-09-04 13:51:39.263999+05:30,190.0,,1158750
2025-09-04 13:51:39.687411+05:30,189.6,,1158750
2025-09-04 13:51:40.156097+05:30,189.6,,1158750
2025-09-04 13:51:40.667087+05:30,189.6,,1158750
2025-09-04 13:51:41.437713+05:30,189.85,,1158750
2025-09-04 13:51:41.778767+05:30,189.85,,1158750
2025-09-04 13:51:42.235598+05:30,190.0,,1158750
2025-09-04 13:51:42.457873+05:30,189.55,,1158750
2025-09-04 13:51:43.220873+05:30,188.85,,1158750
2025-09-04 13:51:43.525641+05:30,188.85,,1158750
2025-09-04 13:51:43.926748+05:30,188.8,,1158750
2025-09-04 13:51:44.219664+05:30,188.05,,1158750
2025-09-04 13:51:44.466142+05:30,188.05,,1158750
2025-09-04 13:51:45.177483+05:30,189.1,,1158750
2025-09-04 13:51:45.492531+05:30,189.1,,1158750
2025-09-04 13:51:46.174942+05:30,189.6,,1158750
2025-09-04 13:51:46.405189+05:30,189.75,,1158750
2025-09-04 13:51:46.671862+05:30,190.15,,1158750
2025-09-04 13:51:47.242704+05:30,190.15,,1158750
2025-09-04 13:51:47.486609+05:30,189.9,,1158750
2025-09-04 13:51:48.173660+05:30,189.25,,1158750
2025-09-04 13:51:48.448491+05:30,189.8,,1158750
2025-09-04 13:51:49.203916+05:30,189.95,,1158750
2025-09-04 13:51:49.466291+05:30,189.95,,1158750
2025-09-04 13:51:49.928555+05:30,190.35,,1158750
2025-09-04 13:51:50.197042+05:30,190.35,,1158750
2025-09-04 13:51:50.777011+05:30,190.35,,1158750
2025-09-04 13:51:51.447842+05:30,189.7,,1158750
2025-09-04 13:51:51.729568+05:30,189.7,,1158750
2025-09-04 13:51:52.214432+05:30,189.3,,1158750
2025-09-04 13:51:52.512162+05:30,188.8,,1158750
2025-09-04 13:51:53.155855+05:30,188.5,,1158750
2025-09-04 13:51:53.495587+05:30,188.7,,1158750
2025-09-04 13:51:54.465506+05:30,186.4,,1158750
2025-09-04 13:51:54.920584+05:30,186.55,,1158750
2025-09-04 13:51:55.443844+05:30,186.7,,1158750
2025-09-04 13:51:55.725462+05:30,186.7,,1158750
2025-09-04 13:51:56.188363+05:30,187.4,,1158750
2025-09-04 13:51:56.478882+05:30,187.4,,1158750
2025-09-04 13:51:57.238594+05:30,187.8,,1158750
2025-09-04 13:51:57.400791+05:30,187.8,,1158750
2025-09-04 13:51:58.155363+05:30,187.55,,1158750
2025-09-04 13:51:58.522439+05:30,187.55,,1158750
2025-09-04 13:51:59.460399+05:30,186.35,,1158750
2025-09-04 13:51:59.691256+05:30,186.35,,1158750
2025-09-04 13:51:59.907833+05:30,186.95,,1158750
2025-09-04 13:52:00.471263+05:30,186.6,,1158750
2025-09-04 13:52:00.717394+05:30,186.6,,1158750
2025-09-04 13:52:01.549503+05:30,185.85,,1158750
2025-09-04 13:52:02.220338+05:30,186.15,,1158750
2025-09-04 13:52:02.518941+05:30,185.75,,1158750
2025-09-04 13:52:03.477554+05:30,185.25,,1158750
2025-09-04 13:52:04.473133+05:30,185.05,,1158750
2025-09-04 13:52:04.925729+05:30,185.05,,1158750
2025-09-04 13:52:05.470299+05:30,183.95,,1158750
2025-09-04 13:52:06.421837+05:30,183.95,,1158750
2025-09-04 13:52:06.691527+05:30,183.3,,1158750
2025-09-04 13:52:07.211063+05:30,184.0,,1158750
2025-09-04 13:52:07.407916+05:30,183.45,,1158750
2025-09-04 13:52:08.514464+05:30,183.4,,1158750
2025-09-04 13:52:08.739866+05:30,182.8,,1158750
2025-09-04 13:52:09.275463+05:30,182.2,,1158750
2025-09-04 13:52:09.433838+05:30,181.9,,1158750
2025-09-04 13:52:09.947627+05:30,181.9,,1158750
2025-09-04 13:52:10.482693+05:30,182.1,,1158750
2025-09-04 13:52:11.408582+05:30,182.05,,1158750
2025-09-04 13:52:12.199947+05:30,182.6,,1158750
2025-09-04 13:52:12.437852+05:30,182.85,,1152750
2025-09-04 13:52:13.237888+05:30,183.2,,1152750
2025-09-04 13:52:13.437234+05:30,183.2,,1152750
2025-09-04 13:52:13.714868+05:30,183.5,,1152750
2025-09-04 13:52:14.425681+05:30,183.8,,1152750
2025-09-04 13:52:14.904782+05:30,183.7,,1152750
2025-09-04 13:52:15.455843+05:30,183.6,,1152750
2025-09-04 13:52:16.404895+05:30,182.35,,1152750
2025-09-04 13:52:17.205138+05:30,183.55,,1152750
2025-09-04 13:52:17.497417+05:30,183.15,,1152750
2025-09-04 13:52:18.155431+05:30,182.7,,1152750
2025-09-04 13:52:18.442890+05:30,182.9,,1152750
2025-09-04 13:52:18.750721+05:30,183.3,,1152750
2025-09-04 13:52:19.171501+05:30,183.4,,1152750
2025-09-04 13:52:19.442435+05:30,183.6,,1152750
2025-09-04 13:52:19.958249+05:30,184.35,,1152750
2025-09-04 13:52:20.185274+05:30,183.65,,1152750
2025-09-04 13:52:20.490842+05:30,183.65,,1152750
2025-09-04 13:52:21.203383+05:30,182.25,,1152750
2025-09-04 13:52:21.548206+05:30,182.2,,1152750
2025-09-04 13:52:22.247490+05:30,182.05,,1152750
2025-09-04 13:52:22.433437+05:30,181.1,,1152750
2025-09-04 13:52:23.204016+05:30,179.3,,1152750
2025-09-04 13:52:23.452992+05:30,179.25,,1152750
2025-09-04 13:52:23.797372+05:30,179.35,,1152750
2025-09-04 13:52:24.293327+05:30,179.3,,1152750
2025-09-04 13:52:24.404667+05:30,179.3,,1152750
2025-09-04 13:52:24.916244+05:30,179.55,,1152750
2025-09-04 13:52:25.408089+05:30,180.45,,1152750
2025-09-04 13:52:26.154655+05:30,180.55,,1152750
2025-09-04 13:52:26.485122+05:30,180.6,,1152750
2025-09-04 13:52:27.237182+05:30,180.3,,1152750
2025-09-04 13:52:27.500186+05:30,181.3,,1152750
2025-09-04 13:52:28.434137+05:30,180.45,,1152750
2025-09-04 13:52:28.751887+05:30,180.05,,1152750
2025-09-04 13:52:29.280340+05:30,180.3,,1152750
2025-09-04 13:52:29.482563+05:30,180.3,,1152750
2025-09-04 13:52:29.954146+05:30,179.9,,1152750
2025-09-04 13:52:30.176514+05:30,181.1,,1152750
2025-09-04 13:52:30.491315+05:30,182.0,,1152750
2025-09-04 13:52:31.203500+05:30,181.4,,1152750
2025-09-04 13:52:31.481878+05:30,181.25,,1152750
2025-09-04 13:52:32.231683+05:30,180.55,,1152750
2025-09-04 13:52:32.506914+05:30,180.5,,1152750
2025-09-04 13:52:33.201159+05:30,179.3,,1152750
2025-09-04 13:52:33.719940+05:30,179.6,,1152750
2025-09-04 13:52:34.169220+05:30,179.45,,1152750
2025-09-04 13:52:34.436172+05:30,179.5,,1152750
2025-09-04 13:52:34.947597+05:30,180.6,,1152750
2025-09-04 13:52:35.494390+05:30,180.35,,1152750
2025-09-04 13:52:36.171575+05:30,180.0,,1152750
2025-09-04 13:52:36.448669+05:30,179.7,,1152750
2025-09-04 13:52:37.191044+05:30,179.3,,1152750
2025-09-04 13:52:37.540223+05:30,179.45,,1152750
2025-09-04 13:52:38.500917+05:30,179.2,,1152750
2025-09-04 13:52:38.767938+05:30,179.2,,1152750
2025-09-04 13:52:39.517274+05:30,180.0,,1152750
2025-09-04 13:52:39.951742+05:30,180.25,,1152750
2025-09-04 13:52:40.154678+05:30,180.6,,1152750
2025-09-04 13:52:40.533763+05:30,180.9,,1152750
2025-09-04 13:52:41.177887+05:30,180.9,,1152750
2025-09-04 13:52:41.404750+05:30,180.45,,1152750
2025-09-04 13:52:42.214536+05:30,181.2,,1152750
2025-09-04 13:52:42.539383+05:30,180.5,,1152750
2025-09-04 13:52:43.447134+05:30,181.3,,1152750
2025-09-04 13:52:43.720288+05:30,181.3,,1152750
2025-09-04 13:52:44.171277+05:30,180.55,,1152750
2025-09-04 13:52:44.447357+05:30,180.75,,1152750
2025-09-04 13:52:44.970703+05:30,181.4,,1152750
2025-09-04 13:52:45.517601+05:30,181.8,,1152750
2025-09-04 13:52:46.187844+05:30,181.25,,1152750
2025-09-04 13:52:46.502543+05:30,181.45,,1152750
2025-09-04 13:52:47.262844+05:30,182.75,,1152750
2025-09-04 13:52:47.419993+05:30,182.75,,1152750
2025-09-04 13:52:48.524548+05:30,182.6,,1152750
2025-09-04 13:52:48.684853+05:30,182.6,,1152750
2025-09-04 13:52:49.169125+05:30,182.1,,1152750
2025-09-04 13:52:49.486211+05:30,182.1,,1152750
2025-09-04 13:52:49.926794+05:30,182.0,,1152750
2025-09-04 13:52:50.452488+05:30,182.15,,1152750
2025-09-04 13:52:51.226619+05:30,182.8,,1152750
2025-09-04 13:52:51.454313+05:30,182.45,,1152750
2025-09-04 13:52:52.262538+05:30,182.45,,1152750
2025-09-04 13:52:52.523438+05:30,182.7,,1152750
2025-09-04 13:52:53.433304+05:30,183.8,,1152750
2025-09-04 13:52:53.777406+05:30,183.8,,1152750
2025-09-04 13:52:54.520728+05:30,184.4,,1152750
2025-09-04 13:52:54.955597+05:30,183.9,,1152750
2025-09-04 13:52:55.468705+05:30,184.0,,1152750
2025-09-04 13:52:56.432113+05:30,184.0,,1152750
2025-09-04 13:52:56.726117+05:30,183.6,,1152750
2025-09-04 13:52:57.216441+05:30,184.6,,1152750
2025-09-04 13:52:57.531424+05:30,185.6,,1152750
2025-09-04 13:52:58.418243+05:30,185.0,,1152750
2025-09-04 13:52:58.778173+05:30,184.7,,1152750
2025-09-04 13:52:59.548888+05:30,184.7,,1152750
2025-09-04 13:52:59.951972+05:30,185.1,,1152750
2025-09-04 13:53:00.531505+05:30,184.25,,1152750
2025-09-04 13:53:01.154916+05:30,184.4,,1152750
2025-09-04 13:53:01.682688+05:30,184.4,,1152750
2025-09-04 13:53:02.238784+05:30,184.7,,1152750
2025-09-04 13:53:02.469469+05:30,184.1,,1152750
2025-09-04 13:53:03.431337+05:30,184.4,,1152750
2025-09-04 13:53:03.742216+05:30,185.3,,1152750
2025-09-04 13:53:04.407589+05:30,186.0,,1152750
2025-09-04 13:53:04.943733+05:30,186.0,,1152750
2025-09-04 13:53:05.173721+05:30,185.95,,1152750
2025-09-04 13:53:05.459931+05:30,185.55,,1152750
2025-09-04 13:53:06.432626+05:30,185.25,,1152750
2025-09-04 13:53:07.179769+05:30,185.35,,1152750
2025-09-04 13:53:07.543947+05:30,185.3,,1152750
2025-09-04 13:53:08.176160+05:30,185.3,,1152750
2025-09-04 13:53:08.472164+05:30,185.3,,1152750
2025-09-04 13:53:08.695876+05:30,185.2,,1152750
2025-09-04 13:53:09.223410+05:30,185.6,,1152750
2025-09-04 13:53:09.469236+05:30,185.25,,1152750
2025-09-04 13:53:10.154287+05:30,185.7,,1152750
2025-09-04 13:53:10.518965+05:30,185.95,,1152750
2025-09-04 13:53:11.197834+05:30,185.5,,1152750
2025-09-04 13:53:11.541907+05:30,185.7,,1152750
2025-09-04 13:53:12.160261+05:30,185.6,,1152750
2025-09-04 13:53:12.500382+05:30,185.45,,1152750
2025-09-04 13:53:13.467330+05:30,185.5,,1152750
2025-09-04 13:53:13.747924+05:30,184.95,,1152750
2025-09-04 13:53:14.522156+05:30,183.9,,1152750
2025-09-04 13:53:15.190093+05:30,182.65,,1152750
2025-09-04 13:53:15.439867+05:30,182.9,,1152750
2025-09-04 13:53:16.455088+05:30,182.9,,1152750
2025-09-04 13:53:16.765703+05:30,182.9,,1152750
2025-09-04 13:53:16.989491+05:30,182.9,,1152750
2025-09-04 13:53:17.752087+05:30,182.95,,1152750
2025-09-04 13:53:18.187597+05:30,182.95,,1152750
2025-09-04 13:53:18.473291+05:30,182.4,,1152750
2025-09-04 13:53:18.745537+05:30,182.4,,1152750
2025-09-04 13:53:19.504523+05:30,182.85,,1152750
2025-09-04 13:53:20.182643+05:30,182.25,,1152750
2025-09-04 13:53:20.463980+05:30,182.25,,1152750
2025-09-04 13:53:21.170783+05:30,181.9,,1152750
2025-09-04 13:53:21.504685+05:30,181.8,,1152750
2025-09-04 13:53:22.199863+05:30,181.8,,1152750
2025-09-04 13:53:22.669425+05:30,181.25,,1152750
2025-09-04 13:53:23.428047+05:30,180.9,,1152750
2025-09-04 13:53:23.965310+05:30,180.9,,1152750
2025-09-04 13:53:24.218017+05:30,180.75,,1152750
2025-09-04 13:53:24.498544+05:30,180.5,,1152750
2025-09-04 13:53:25.190572+05:30,180.0,,1152750
2025-09-04 13:53:25.492266+05:30,180.0,,1152750
2025-09-04 13:53:26.153236+05:30,178.85,,1152750
2025-09-04 13:53:26.453398+05:30,178.7,,1152750
2025-09-04 13:53:27.242943+05:30,178.95,,1152750
2025-09-04 13:53:27.490794+05:30,178.8,,1152750
2025-09-04 13:53:28.154217+05:30,178.7,,1152750
2025-09-04 13:53:28.691927+05:30,179.05,,1152750
2025-09-04 13:53:28.959653+05:30,179.05,,1152750
2025-09-04 13:53:29.431779+05:30,180.0,,1152750
2025-09-04 13:53:30.154117+05:30,179.4,,1152750
2025-09-04 13:53:30.516030+05:30,179.4,,1152750
2025-09-04 13:53:31.516115+05:30,179.4,,1152750
2025-09-04 13:53:32.203606+05:30,179.6,,1152750
2025-09-04 13:53:32.451907+05:30,179.85,,1152750
2025-09-04 13:53:33.462984+05:30,180.7,,1152750
2025-09-04 13:53:33.898007+05:30,180.8,,1152750
2025-09-04 13:53:34.184019+05:30,180.8,,1152750
2025-09-04 13:53:34.512356+05:30,181.1,,1152750
2025-09-04 13:53:35.156354+05:30,181.95,,1152750
2025-09-04 13:53:35.490042+05:30,181.75,,1152750
2025-09-04 13:53:36.487734+05:30,182.25,,1152750
2025-09-04 13:53:36.714880+05:30,182.25,,1152750
2025-09-04 13:53:37.184620+05:30,182.95,,1152750
2025-09-04 13:53:37.497434+05:30,182.7,,1152750
2025-09-04 13:53:38.457059+05:30,181.55,,1152750
2025-09-04 13:53:38.987140+05:30,181.8,,1152750
2025-09-04 13:53:39.165613+05:30,182.85,,1152750
2025-09-04 13:53:39.447223+05:30,182.5,,1152750
2025-09-04 13:53:40.148807+05:30,182.65,,1152750
2025-09-04 13:53:40.491790+05:30,182.9,,1152750
2025-09-04 13:53:41.153598+05:30,183.45,,1152750
2025-09-04 13:53:41.430297+05:30,182.95,,1152750
2025-09-04 13:53:41.669210+05:30,182.95,,1152750
2025-09-04 13:53:42.197608+05:30,182.8,,1152750
2025-09-04 13:53:42.445320+05:30,183.8,,1152750
2025-09-04 13:53:43.503179+05:30,182.75,,1152750
2025-09-04 13:53:43.987436+05:30,183.2,,1152750
2025-09-04 13:53:44.177757+05:30,183.2,,1152750
2025-09-04 13:53:44.509144+05:30,183.35,,1152750
2025-09-04 13:53:45.182329+05:30,184.0,,1152750
2025-09-04 13:53:45.504655+05:30,184.65,,1152750
2025-09-04 13:53:46.453712+05:30,183.2,,1152750
2025-09-04 13:53:46.737691+05:30,183.25,,1152750
2025-09-04 13:53:47.218654+05:30,183.35,,1152750
2025-09-04 13:53:47.418947+05:30,183.4,,1152750
2025-09-04 13:53:48.191903+05:30,183.6,,1152750
2025-09-04 13:53:48.500156+05:30,183.6,,1152750
2025-09-04 13:53:49.022387+05:30,184.5,,1152750
2025-09-04 13:53:49.489768+05:30,184.25,,1152750
2025-09-04 13:53:50.154322+05:30,184.0,,1152750
2025-09-04 13:53:50.488027+05:30,184.05,,1152750
2025-09-04 13:53:51.493583+05:30,183.85,,1152750
2025-09-04 13:53:52.245378+05:30,183.95,,1152750
2025-09-04 13:53:52.402775+05:30,183.9,,1152750
2025-09-04 13:53:53.275061+05:30,183.9,,1152750
2025-09-04 13:53:53.461742+05:30,183.7,,1152750
2025-09-04 13:53:53.703163+05:30,183.7,,1152750
2025-09-04 13:53:54.175873+05:30,182.9,,1152750
2025-09-04 13:53:54.427005+05:30,182.9,,1152750
2025-09-04 13:53:55.010568+05:30,182.9,,1152750
2025-09-04 13:53:55.506389+05:30,182.45,,1152750
2025-09-04 13:53:55.799102+05:30,182.1,,1152750
2025-09-04 13:53:56.159676+05:30,182.25,,1152750
2025-09-04 13:53:56.714307+05:30,182.25,,1152750
2025-09-04 13:53:57.270784+05:30,182.4,,1152750
2025-09-04 13:53:57.482210+05:30,182.3,,1152750
2025-09-04 13:53:58.172407+05:30,181.55,,1152750
2025-09-04 13:53:58.424286+05:30,181.6,,1152750
2025-09-04 13:53:58.786025+05:30,181.6,,1152750
2025-09-04 13:53:59.414712+05:30,181.7,,1152750
2025-09-04 13:53:59.922590+05:30,181.7,,1152750
2025-09-04 13:54:00.443097+05:30,181.7,,1152750
2025-09-04 13:54:00.734197+05:30,181.4,,1152750
2025-09-04 13:54:01.447919+05:30,181.4,,1152750
2025-09-04 13:54:01.671176+05:30,181.4,,1152750
2025-09-04 13:54:02.197746+05:30,181.8,,1152750
2025-09-04 13:54:02.461212+05:30,182.05,,1152750
2025-09-04 13:54:03.235754+05:30,182.05,,1152750
2025-09-04 13:54:03.418637+05:30,182.05,,1152750
2025-09-04 13:54:03.773018+05:30,182.05,,1152750
2025-09-04 13:54:03.985902+05:30,181.8,,1152750
2025-09-04 13:54:04.147742+05:30,181.6,,1152750
2025-09-04 13:54:04.735846+05:30,181.0,,1152750
2025-09-04 13:54:04.954702+05:30,180.85,,1152750
2025-09-04 13:54:05.446917+05:30,181.05,,1152750
2025-09-04 13:54:05.791038+05:30,181.05,,1152750
2025-09-04 13:54:06.784777+05:30,181.85,,1152750
2025-09-04 13:54:07.193442+05:30,181.85,,1152750
2025-09-04 13:54:07.509799+05:30,181.4,,1152750
2025-09-04 13:54:08.159721+05:30,181.5,,1152750
2025-09-04 13:54:08.455277+05:30,182.0,,1152750
2025-09-04 13:54:08.703597+05:30,181.7,,1152750
2025-09-04 13:54:09.433462+05:30,181.55,,1152750
2025-09-04 13:54:09.949430+05:30,181.55,,1152750
2025-09-04 13:54:10.197666+05:30,181.55,,1152750
2025-09-04 13:54:10.948293+05:30,181.65,,1152750
2025-09-04 13:54:11.176053+05:30,181.65,,1152750
2025-09-04 13:54:11.469546+05:30,182.0,,1152750
2025-09-04 13:54:12.219658+05:30,181.75,,1152750
2025-09-04 13:54:12.468024+05:30,181.55,,1152750
2025-09-04 13:54:13.186008+05:30,181.15,,1152750
2025-09-04 13:54:13.438641+05:30,181.15,,1152750
2025-09-04 13:54:13.782964+05:30,181.15,,1152750
2025-09-04 13:54:14.153797+05:30,181.5,,1152750
2025-09-04 13:54:14.718850+05:30,181.6,,1152750
2025-09-04 13:54:15.154742+05:30,180.85,,1152750
2025-09-04 13:54:15.759198+05:30,181.5,,1152750
2025-09-04 13:54:16.209171+05:30,181.15,,1152750
2025-09-04 13:54:16.432499+05:30,180.55,,1152750
2025-09-04 13:54:17.186781+05:30,180.3,,1152750
2025-09-04 13:54:17.652971+05:30,180.25,,1152750
2025-09-04 13:54:18.171894+05:30,181.25,,1152750
2025-09-04 13:54:18.460248+05:30,181.25,,1152750
2025-09-04 13:54:18.785360+05:30,181.25,,1152750
2025-09-04 13:54:19.436363+05:30,180.4,,1152750
2025-09-04 13:54:19.951464+05:30,180.4,,1152750
2025-09-04 13:54:20.483255+05:30,180.4,,1152750
2025-09-04 13:54:20.796559+05:30,179.85,,1152750
2025-09-04 13:54:21.478697+05:30,180.55,,1152750
2025-09-04 13:54:22.187708+05:30,180.6,,1152750
2025-09-04 13:54:22.705097+05:30,180.6,,1152750
2025-09-04 13:54:23.219381+05:30,180.0,,1152750
2025-09-04 13:54:23.477423+05:30,180.0,,1152750
2025-09-04 13:54:23.787239+05:30,180.0,,1152750
2025-09-04 13:54:24.191552+05:30,180.7,,1152750
2025-09-04 13:54:24.649435+05:30,180.7,,1152750
2025-09-04 13:54:24.962128+05:30,180.7,,1152750
2025-09-04 13:54:25.183035+05:30,179.5,,1152750
2025-09-04 13:54:25.764770+05:30,179.5,,1152750
2025-09-04 13:54:26.433801+05:30,179.1,,1152750
2025-09-04 13:54:27.170413+05:30,179.65,,1152750
2025-09-04 13:54:27.673842+05:30,179.65,,1152750
2025-09-04 13:54:28.202620+05:30,180.5,,1152750
2025-09-04 13:54:28.768312+05:30,180.2,,1152750
2025-09-04 13:54:29.436739+05:30,179.9,,1152750
2025-09-04 13:54:29.752926+05:30,180.25,,1152750
2025-09-04 13:54:29.930233+05:30,180.0,,1152750
2025-09-04 13:54:30.173263+05:30,180.0,,1152750
2025-09-04 13:54:30.702986+05:30,180.0,,1152750
2025-09-04 13:54:31.504056+05:30,180.5,,1152750
2025-09-04 13:54:31.770024+05:30,180.05,,1152750
2025-09-04 13:54:32.223938+05:30,180.25,,1152750
2025-09-04 13:54:32.518707+05:30,180.05,,1152750
2025-09-04 13:54:32.708414+05:30,179.85,,1152750
2025-09-04 13:54:33.205522+05:30,178.95,,1152750
2025-09-04 13:54:33.688216+05:30,179.15,,1152750
2025-09-04 13:54:34.464325+05:30,179.3,,1152750
2025-09-04 13:54:34.695509+05:30,179.3,,1152750
2025-09-04 13:54:34.937387+05:30,179.35,,1152750
2025-09-04 13:54:35.154002+05:30,179.4,,1152750
2025-09-04 13:54:35.778345+05:30,179.4,,1152750
2025-09-04 13:54:36.426060+05:30,183.15,,1152750
2025-09-04 13:54:36.928703+05:30,183.15,,1152750
2025-09-04 13:54:37.425733+05:30,181.8,,1152750
2025-09-04 13:54:37.738677+05:30,181.95,,1152750
2025-09-04 13:54:38.175502+05:30,182.05,,1152750
2025-09-04 13:54:38.713471+05:30,182.05,,1152750
2025-09-04 13:54:39.397465+05:30,181.95,,1152750
2025-09-04 13:54:39.802165+05:30,182.0,,1152750
2025-09-04 13:54:39.987568+05:30,182.1,,1152750
2025-09-04 13:54:40.165840+05:30,182.5,,1152750
2025-09-04 13:54:40.674397+05:30,182.5,,1152750
2025-09-04 13:54:41.548475+05:30,183.75,,1152750
2025-09-04 13:54:41.984144+05:30,183.85,,1152750
2025-09-04 13:54:42.177905+05:30,183.95,,1152750
2025-09-04 13:54:42.721092+05:30,183.95,,1152750
2025-09-04 13:54:43.197325+05:30,184.0,,1152750
2025-09-04 13:54:43.421548+05:30,184.2,,1152750
2025-09-04 13:54:43.839895+05:30,184.35,,1152750
2025-09-04 13:54:44.434836+05:30,184.5,,1152750
2025-09-04 13:54:44.764230+05:30,184.45,,1152750
2025-09-04 13:54:45.147789+05:30,185.6,,1152750
2025-09-04 13:54:45.775940+05:30,185.75,,1152750
2025-09-04 13:54:46.173904+05:30,187.35,,1152750
2025-09-04 13:54:46.408003+05:30,186.8,,1152750
2025-09-04 13:54:46.783766+05:30,186.8,,1152750
2025-09-04 13:54:46.961866+05:30,186.2,,1152750
2025-09-04 13:54:47.457853+05:30,186.1,,1152750
2025-09-04 13:54:47.755954+05:30,185.9,,1152750
2025-09-04 13:54:48.152143+05:30,186.5,,1152750
2025-09-04 13:54:48.756331+05:30,186.7,,1152750
2025-09-04 13:54:49.533636+05:30,187.3,,1152750
2025-09-04 13:54:49.718754+05:30,186.95,,1152750
2025-09-04 13:54:50.170032+05:30,188.35,,1152750
2025-09-04 13:54:50.669727+05:30,187.85,,1152750
2025-09-04 13:54:51.173032+05:30,187.75,,1152750
2025-09-04 13:54:51.507065+05:30,187.35,,1152750
2025-09-04 13:54:51.957802+05:30,187.5,,1152750
2025-09-04 13:54:52.241437+05:30,187.0,,1152750
2025-09-04 13:54:52.669079+05:30,187.0,,1152750
2025-09-04 13:54:53.169898+05:30,186.85,,1152750
2025-09-04 13:54:53.414322+05:30,186.85,,1152750
2025-09-04 13:54:53.780494+05:30,186.85,,1152750
2025-09-04 13:54:54.499674+05:30,187.05,,1152750
2025-09-04 13:54:54.762303+05:30,186.8,,1152750
2025-09-04 13:54:55.459862+05:30,186.6,,1152750
2025-09-04 13:54:55.691908+05:30,186.55,,1152750
2025-09-04 13:54:56.484916+05:30,185.7,,1152750
2025-09-04 13:54:56.738188+05:30,185.7,,1152750
2025-09-04 13:54:57.027580+05:30,185.7,,1152750
2025-09-04 13:54:57.472557+05:30,185.85,,1152750
2025-09-04 13:54:57.768926+05:30,185.85,,1152750
2025-09-04 13:54:58.159352+05:30,185.85,,1152750
2025-09-04 13:54:58.708000+05:30,185.55,,1152750
2025-09-04 13:54:59.507895+05:30,185.95,,1152750
2025-09-04 13:54:59.669985+05:30,186.0,,1152750
2025-09-04 13:55:00.169171+05:30,186.55,,1152750
2025-09-04 13:55:00.729468+05:30,185.85,,1152750
2025-09-04 13:55:01.147988+05:30,185.9,,1152750
2025-09-04 13:55:01.783927+05:30,185.6,,1152750
2025-09-04 13:55:01.925283+05:30,185.6,,1152750
2025-09-04 13:55:02.432072+05:30,185.8,,1152750
2025-09-04 13:55:02.681579+05:30,185.8,,1152750
2025-09-04 13:55:03.170725+05:30,185.25,,1152750
2025-09-04 13:55:03.487582+05:30,185.55,,1152750
2025-09-04 13:55:04.447388+05:30,185.55,,1152750
2025-09-04 13:55:04.752991+05:30,187.45,,1152750
2025-09-04 13:55:05.486158+05:30,187.4,,1152750
2025-09-04 13:55:05.735159+05:30,187.9,,1152750
2025-09-04 13:55:06.169929+05:30,188.05,,1152750
2025-09-04 13:55:06.752716+05:30,188.05,,1152750
2025-09-04 13:55:07.017419+05:30,187.5,,1152750
2025-09-04 13:55:07.447184+05:30,187.3,,1152750
2025-09-04 13:55:07.656434+05:30,187.3,,1152750
2025-09-04 13:55:08.165265+05:30,187.2,,1152750
2025-09-04 13:55:08.725559+05:30,187.2,,1152750
2025-09-04 13:55:09.443118+05:30,186.8,,1152750
2025-09-04 13:55:09.743963+05:30,186.8,,1152750
2025-09-04 13:55:10.170798+05:30,186.75,,1152750
2025-09-04 13:55:10.441466+05:30,186.75,,1152750
2025-09-04 13:55:10.658031+05:30,186.7,,1152750
2025-09-04 13:55:11.516801+05:30,186.5,,1152750
2025-09-04 13:55:11.652125+05:30,186.5,,1152750
2025-09-04 13:55:12.403691+05:30,186.5,,1152675
2025-09-04 13:55:12.771842+05:30,186.4,,1152675
2025-09-04 13:55:12.957115+05:30,186.0,,1152675
2025-09-04 13:55:13.522459+05:30,186.05,,1152675
2025-09-04 13:55:13.652148+05:30,186.05,,1152675
2025-09-04 13:55:14.479258+05:30,185.5,,1152675
2025-09-04 13:55:15.247485+05:30,186.05,,1152675
2025-09-04 13:55:15.709845+05:30,185.65,,1152675
2025-09-04 13:55:16.492775+05:30,186.1,,1152675
2025-09-04 13:55:16.753392+05:30,185.95,,1152675
2025-09-04 13:55:17.523015+05:30,186.15,,1152675
2025-09-04 13:55:17.668598+05:30,186.15,,1152675
2025-09-04 13:55:17.936174+05:30,186.15,,1152675
2025-09-04 13:55:18.517710+05:30,186.3,,1152675
2025-09-04 13:55:18.685505+05:30,186.3,,1152675
2025-09-04 13:55:19.444587+05:30,187.4,,1152675
2025-09-04 13:55:20.175178+05:30,187.1,,1152675
2025-09-04 13:55:20.793478+05:30,187.1,,1152675
2025-09-04 13:55:21.462237+05:30,187.0,,1152675
2025-09-04 13:55:21.686837+05:30,187.0,,1152675
2025-09-04 13:55:22.530827+05:30,186.7,,1152675
2025-09-04 13:55:23.213864+05:30,186.65,,1152675
2025-09-04 13:55:23.534773+05:30,186.8,,1152675
2025-09-04 13:55:24.529239+05:30,186.35,,1152675
2025-09-04 13:55:24.768690+05:30,186.3,,1152675
2025-09-04 13:55:25.206814+05:30,186.95,,1152675
2025-09-04 13:55:25.511125+05:30,186.95,,1152675
2025-09-04 13:55:25.730379+05:30,186.95,,1152675
2025-09-04 13:55:26.181198+05:30,186.7,,1152675
2025-09-04 13:55:26.521047+05:30,186.7,,1152675
2025-09-04 13:55:26.706040+05:30,186.95,,1152675
2025-09-04 13:55:27.181301+05:30,186.95,,1152675
2025-09-04 13:55:27.651971+05:30,186.85,,1152675
2025-09-04 13:55:28.212717+05:30,186.85,,1152675
2025-09-04 13:55:28.447957+05:30,186.85,,1152675
2025-09-04 13:55:28.702266+05:30,186.85,,1152675
2025-09-04 13:55:28.924738+05:30,186.75,,1152675
2025-09-04 13:55:29.225797+05:30,186.75,,1152675
2025-09-04 13:55:29.696716+05:30,186.75,,1152675
2025-09-04 13:55:29.926381+05:30,186.8,,1152675
2025-09-04 13:55:30.445880+05:30,186.7,,1152675
2025-09-04 13:55:30.943730+05:30,186.7,,1152675
2025-09-04 13:55:31.935947+05:30,187.3,,1152675
2025-09-04 13:55:33.185280+05:30,186.6,,1152675
2025-09-04 13:55:33.912947+05:30,186.8,,1152675
2025-09-04 13:55:34.902609+05:30,186.05,,1152675
2025-09-04 13:55:35.939971+05:30,185.0,,1152675
2025-09-04 13:55:36.674336+05:30,183.4,,1152675
2025-09-04 13:55:37.253070+05:30,183.7,,1152675
2025-09-04 13:55:37.711382+05:30,183.8,,1152675
2025-09-04 13:55:38.217724+05:30,183.5,,1152675
2025-09-04 13:55:38.445927+05:30,184.0,,1152675
2025-09-04 13:55:38.740514+05:30,184.55,,1152675
2025-09-04 13:55:39.502634+05:30,184.15,,1152675
2025-09-04 13:55:39.673674+05:30,184.15,,1152675
2025-09-04 13:55:40.515293+05:30,183.5,,1152675
2025-09-04 13:55:40.726168+05:30,182.65,,1152675
2025-09-04 13:55:41.486591+05:30,182.5,,1152675
2025-09-04 13:55:41.696929+05:30,182.9,,1152675
2025-09-04 13:55:42.424067+05:30,183.4,,1152675
2025-09-04 13:55:42.759612+05:30,183.65,,1152675
2025-09-04 13:55:43.174623+05:30,183.7,,1152675
2025-09-04 13:55:43.446058+05:30,183.7,,1152675
2025-09-04 13:55:43.668193+05:30,183.7,,1152675
2025-09-04 13:55:44.667957+05:30,183.15,,1152675
2025-09-04 13:55:45.217549+05:30,183.2,,1152675
2025-09-04 13:55:45.762857+05:30,183.2,,1152675
2025-09-04 13:55:46.525189+05:30,183.65,,1152675
2025-09-04 13:55:46.724311+05:30,183.65,,1152675
2025-09-04 13:55:48.175520+05:30,183.65,,1152675
2025-09-04 13:55:48.477277+05:30,183.65,,1152675
2025-09-04 13:55:49.240179+05:30,184.95,,1152675
2025-09-04 13:55:49.506172+05:30,184.5,,1152675
2025-09-04 13:55:49.765123+05:30,184.6,,1152675
2025-09-04 13:55:50.527989+05:30,184.95,,1152675
2025-09-04 13:55:50.784185+05:30,184.75,,1152675
2025-09-04 13:55:51.159872+05:30,185.15,,1152675
2025-09-04 13:55:51.468830+05:30,185.0,,1152675
2025-09-04 13:55:51.710867+05:30,185.0,,1152675
2025-09-04 13:55:52.674623+05:30,185.3,,1152675
2025-09-04 13:55:53.168432+05:30,184.8,,1152675
2025-09-04 13:55:53.522818+05:30,184.8,,1152675
2025-09-04 13:55:53.720770+05:30,184.8,,1152675
2025-09-04 13:55:54.547096+05:30,184.6,,1152675
2025-09-04 13:55:55.175056+05:30,184.75,,1152675
2025-09-04 13:55:55.403032+05:30,184.75,,1152675
2025-09-04 13:55:56.154305+05:30,184.75,,1152675
2025-09-04 13:55:56.982407+05:30,184.75,,1152675
2025-09-04 13:55:58.186283+05:30,184.75,,1152675
2025-09-04 13:55:58.479665+05:30,184.75,,1152675
2025-09-04 13:55:59.678006+05:30,184.75,,1152675
2025-09-04 13:56:00.146793+05:30,184.75,,1152675
2025-09-04 13:56:00.777066+05:30,184.8,,1152675
2025-09-04 13:56:01.164484+05:30,184.8,,1152675
2025-09-04 13:56:02.013475+05:30,184.6,,1152675
2025-09-04 13:56:02.728118+05:30,184.4,,1152675
2025-09-04 13:56:02.919539+05:30,184.4,,1152675
2025-09-04 13:56:03.720700+05:30,183.95,,1152675
2025-09-04 13:56:04.504739+05:30,184.05,,1152675
2025-09-04 13:56:04.691852+05:30,183.7,,1152675
2025-09-04 13:56:05.158848+05:30,183.6,,1152675
2025-09-04 13:56:05.509210+05:30,183.0,,1152675
2025-09-04 13:56:06.430147+05:30,182.65,,1152675
2025-09-04 13:56:06.746673+05:30,182.65,,1152675
2025-09-04 13:56:07.464138+05:30,182.8,,1152675
2025-09-04 13:56:07.663912+05:30,182.8,,1152675
2025-09-04 13:56:08.475085+05:30,183.1,,1152675
2025-09-04 13:56:08.706332+05:30,183.3,,1152675
2025-09-04 13:56:09.726006+05:30,183.1,,1152675
2025-09-04 13:56:10.191267+05:30,183.4,,1152675
2025-09-04 13:56:10.474347+05:30,183.6,,1152675
2025-09-04 13:56:11.179810+05:30,183.3,,1152675
2025-09-04 13:56:11.660763+05:30,183.3,,1152675
2025-09-04 13:56:11.936776+05:30,183.3,,1152675
2025-09-04 13:56:12.707540+05:30,183.35,,1152675
2025-09-04 13:56:12.907702+05:30,183.35,,1152675
2025-09-04 13:56:13.485296+05:30,183.35,,1152675
2025-09-04 13:56:14.696062+05:30,183.35,,1152675
2025-09-04 13:56:15.192079+05:30,184.3,,1152675
2025-09-04 13:56:15.966559+05:30,183.5,,1152675
2025-09-04 13:56:16.147769+05:30,183.9,,1152675
2025-09-04 13:56:16.711728+05:30,183.7,,1152675
2025-09-04 13:56:17.478837+05:30,183.7,,1152675
2025-09-04 13:56:17.733283+05:30,183.7,,1152675
2025-09-04 13:56:17.927860+05:30,183.7,,1152675
2025-09-04 13:56:18.506101+05:30,184.5,,1152675
2025-09-04 13:56:19.488396+05:30,184.3,,1152675
2025-09-04 13:56:20.212284+05:30,184.15,,1152675
2025-09-04 13:56:20.467126+05:30,184.15,,1152675
2025-09-04 13:56:20.668372+05:30,184.15,,1152675
2025-09-04 13:56:21.175547+05:30,183.65,,1152675
2025-09-04 13:56:21.436887+05:30,183.65,,1152675
2025-09-04 13:56:21.667751+05:30,183.8,,1152675
