time,last_price,volume,oi
2025-09-05 10:55:52.654047+05:30,36.2,,12059100
2025-09-05 10:55:53.162286+05:30,36.3,,12059100
2025-09-05 10:55:53.642709+05:30,36.35,,12059100
2025-09-05 10:55:54.150720+05:30,36.5,,12059100
2025-09-05 10:55:54.473359+05:30,36.45,,12059100
2025-09-05 10:55:54.704844+05:30,36.5,,12059100
2025-09-05 10:55:55.219721+05:30,36.35,,12059100
2025-09-05 10:55:55.713647+05:30,36.25,,12059100
2025-09-05 10:55:55.952836+05:30,36.35,,12059100
2025-09-05 10:55:56.138836+05:30,36.35,,12059100
2025-09-05 10:55:56.756856+05:30,36.45,,12059100
2025-09-05 10:55:57.165157+05:30,36.45,,12059100
2025-09-05 10:55:57.438162+05:30,36.5,,12059100
2025-09-05 10:55:57.637765+05:30,36.4,,12059100
2025-09-05 10:55:58.182520+05:30,36.45,,12059100
2025-09-05 10:55:58.675644+05:30,36.5,,12059100
2025-09-05 10:55:59.173461+05:30,36.4,,12059100
2025-09-05 10:55:59.387770+05:30,36.7,,12059100
2025-09-05 10:55:59.688655+05:30,36.65,,12059100
2025-09-05 10:56:00.185075+05:30,36.7,,12059100
2025-09-05 10:56:00.671094+05:30,36.4,,12059100
2025-09-05 10:56:00.993451+05:30,36.65,,12059100
2025-09-05 10:56:01.164799+05:30,36.65,,12059100
2025-09-05 10:56:01.643337+05:30,36.5,,12059100
2025-09-05 10:56:02.138399+05:30,36.6,,12059100
2025-09-05 10:56:02.476769+05:30,36.45,,12059100
2025-09-05 10:56:02.699737+05:30,36.35,,12059100
2025-09-05 10:56:03.168312+05:30,36.3,,12059100
2025-09-05 10:56:03.686802+05:30,36.25,,12059100
2025-09-05 10:56:04.198137+05:30,36.5,,12059100
2025-09-05 10:56:04.449946+05:30,36.55,,12059100
2025-09-05 10:56:04.989233+05:30,36.5,,12059100
2025-09-05 10:56:05.156953+05:30,36.45,,12059100
2025-09-05 10:56:05.707321+05:30,36.4,,12059100
2025-09-05 10:56:05.944095+05:30,36.55,,12059100
2025-09-05 10:56:06.160445+05:30,36.55,,12059100
2025-09-05 10:56:06.704163+05:30,36.65,,12059100
2025-09-05 10:56:07.169806+05:30,36.35,,12059100
2025-09-05 10:56:07.723877+05:30,36.0,,12059100
2025-09-05 10:56:08.142566+05:30,36.15,,12059100
2025-09-05 10:56:08.688501+05:30,36.1,,12059100
2025-09-05 10:56:09.182508+05:30,36.05,,12059100
2025-09-05 10:56:09.533636+05:30,36.2,,12059100
2025-09-05 10:56:09.663067+05:30,36.1,,12059100
2025-09-05 10:56:10.178286+05:30,36.25,,12059100
2025-09-05 10:56:10.663192+05:30,36.05,,12059100
2025-09-05 10:56:10.948219+05:30,36.25,,12059100
2025-09-05 10:56:11.166706+05:30,36.15,,12059100
2025-09-05 10:56:11.753482+05:30,36.3,,12059100
2025-09-05 10:56:12.159439+05:30,36.2,,12059100
2025-09-05 10:56:12.392498+05:30,36.25,,12059100
2025-09-05 10:56:12.739435+05:30,36.25,,12059100
2025-09-05 10:56:13.174796+05:30,36.2,,12059100
2025-09-05 10:56:13.663935+05:30,36.45,,12059100
2025-09-05 10:56:14.191347+05:30,36.25,,12059100
2025-09-05 10:56:14.431762+05:30,36.3,,12059100
2025-09-05 10:56:14.704882+05:30,36.3,,12059100
2025-09-05 10:56:15.142494+05:30,36.3,,12059100
2025-09-05 10:56:15.735260+05:30,36.55,,12059100
2025-09-05 10:56:15.898172+05:30,36.4,,12059100
2025-09-05 10:56:16.150055+05:30,36.5,,12059100
2025-09-05 10:56:16.673321+05:30,36.6,,12059100
2025-09-05 10:56:17.176670+05:30,36.45,,12059100
2025-09-05 10:56:17.480365+05:30,36.5,,12059100
2025-09-05 10:56:17.713981+05:30,36.4,,12059100
2025-09-05 10:56:17.969443+05:30,36.5,,12059100
2025-09-05 10:56:18.691980+05:30,36.5,,12059100
2025-09-05 10:56:19.193331+05:30,36.5,,12059100
2025-09-05 10:56:19.699268+05:30,36.4,,12059100
2025-09-05 10:56:20.144198+05:30,36.5,,12059100
2025-09-05 10:56:20.679176+05:30,36.7,,12059100
2025-09-05 10:56:20.946456+05:30,36.7,,12059100
2025-09-05 10:56:21.137816+05:30,36.8,,12059100
2025-09-05 10:56:21.704950+05:30,36.55,,12059100
2025-09-05 10:56:22.148524+05:30,36.65,,12059100
2025-09-05 10:56:22.708149+05:30,36.5,,12059100
2025-09-05 10:56:22.920074+05:30,36.05,,12059100
2025-09-05 10:56:23.760991+05:30,36.0,,12059100
2025-09-05 10:56:24.155876+05:30,36.1,,12059100
2025-09-05 10:56:24.688088+05:30,35.9,,12059100
2025-09-05 10:56:25.182256+05:30,35.85,,12059100
2025-09-05 10:56:25.687447+05:30,35.95,,12059100
2025-09-05 10:56:25.998853+05:30,35.85,,12059100
2025-09-05 10:56:26.187957+05:30,35.85,,12059100
2025-09-05 10:56:26.748350+05:30,35.8,,12059100
2025-09-05 10:56:27.142578+05:30,35.7,,12059100
2025-09-05 10:56:27.396350+05:30,35.85,,12059100
2025-09-05 10:56:27.668914+05:30,35.9,,12059100
2025-09-05 10:56:28.039310+05:30,35.85,,12059100
2025-09-05 10:56:28.661894+05:30,35.65,,12059100
2025-09-05 10:56:29.168142+05:30,35.9,,12059100
2025-09-05 10:56:29.757710+05:30,35.75,,12059100
2025-09-05 10:56:30.147501+05:30,35.65,,12059100
2025-09-05 10:56:30.392556+05:30,35.65,,12059100
2025-09-05 10:56:30.642461+05:30,35.9,,12059100
2025-09-05 10:56:30.957361+05:30,35.8,,12059100
2025-09-05 10:56:31.186461+05:30,35.8,,12059100
2025-09-05 10:56:31.698587+05:30,35.75,,12059100
2025-09-05 10:56:32.171710+05:30,35.85,,12059100
2025-09-05 10:56:32.394072+05:30,35.9,,12059100
2025-09-05 10:56:32.704282+05:30,35.85,,12059100
2025-09-05 10:56:32.959788+05:30,35.85,,12059100
2025-09-05 10:56:33.637796+05:30,35.75,,12059100
2025-09-05 10:56:34.226177+05:30,35.9,,12059100
2025-09-05 10:56:34.684686+05:30,36.15,,12059100
2025-09-05 10:56:35.143387+05:30,36.15,,12059100
2025-09-05 10:56:35.691108+05:30,36.2,,12059100
2025-09-05 10:56:35.946478+05:30,36.2,,12059100
2025-09-05 10:56:36.201751+05:30,36.1,,12059100
2025-09-05 10:56:36.676713+05:30,36.2,,12059100
2025-09-05 10:56:37.142345+05:30,36.1,,12059100
2025-09-05 10:56:37.713906+05:30,36.4,,12059100
2025-09-05 10:56:37.962576+05:30,36.45,,12059100
2025-09-05 10:56:38.654322+05:30,36.2,,12059100
2025-09-05 10:56:39.195780+05:30,36.4,,12059100
2025-09-05 10:56:39.643261+05:30,36.3,,12059100
2025-09-05 10:56:40.171441+05:30,36.3,,12059100
2025-09-05 10:56:40.714823+05:30,36.3,,12059100
2025-09-05 10:56:40.927143+05:30,36.3,,12059100
2025-09-05 10:56:41.227355+05:30,36.25,,12059100
2025-09-05 10:56:41.663854+05:30,36.0,,12059100
2025-09-05 10:56:42.142381+05:30,35.95,,12059100
2025-09-05 10:56:42.665321+05:30,35.85,,12059100
2025-09-05 10:56:43.008070+05:30,36.0,,12059100
2025-09-05 10:56:43.696860+05:30,36.0,,12059100
2025-09-05 10:56:44.186231+05:30,36.2,,12059100
2025-09-05 10:56:44.746892+05:30,36.0,,12059100
2025-09-05 10:56:45.164119+05:30,36.0,,12059100
2025-09-05 10:56:45.669483+05:30,36.0,,12059100
2025-09-05 10:56:45.962827+05:30,36.1,,12059100
2025-09-05 10:56:46.198704+05:30,36.0,,12059100
2025-09-05 10:56:46.640271+05:30,36.0,,12059100
2025-09-05 10:56:47.159139+05:30,36.0,,12059100
2025-09-05 10:56:47.482754+05:30,36.0,,12059100
2025-09-05 10:56:47.685874+05:30,35.95,,12059100
2025-09-05 10:56:47.964727+05:30,36.15,,12059100
2025-09-05 10:56:48.934148+05:30,36.05,,12059100
2025-09-05 10:56:49.171546+05:30,36.2,,12059100
2025-09-05 10:56:49.638549+05:30,36.65,,12059100
2025-09-05 10:56:50.152177+05:30,36.6,,12059100
2025-09-05 10:56:50.642433+05:30,36.55,,12059100
2025-09-05 10:56:50.919621+05:30,36.45,,12059100
2025-09-05 10:56:51.210860+05:30,36.55,,12059100
2025-09-05 10:56:51.950865+05:30,36.75,,12059100
2025-09-05 10:56:52.185117+05:30,36.65,,12059100
2025-09-05 10:56:52.393051+05:30,36.55,,12059100
2025-09-05 10:56:52.651273+05:30,36.45,,12059100
2025-09-05 10:56:53.219727+05:30,36.4,,12059100
2025-09-05 10:56:53.678065+05:30,36.45,,12059100
2025-09-05 10:56:54.212989+05:30,36.45,,12059100
2025-09-05 10:56:54.713739+05:30,36.4,,12059100
2025-09-05 10:56:55.192610+05:30,36.5,,12059100
2025-09-05 10:56:55.661213+05:30,36.7,,12059100
2025-09-05 10:56:56.172417+05:30,36.7,,12059100
2025-09-05 10:56:56.709229+05:30,36.85,,12059100
2025-09-05 10:56:57.142432+05:30,36.8,,12059100
2025-09-05 10:56:57.689083+05:30,36.8,,12059100
2025-09-05 10:56:57.937266+05:30,36.9,,12059100
2025-09-05 10:56:58.234806+05:30,36.8,,12059100
2025-09-05 10:56:58.686465+05:30,36.9,,12059100
2025-09-05 10:56:59.174660+05:30,36.95,,12059100
2025-09-05 10:56:59.642286+05:30,36.95,,12059100
2025-09-05 10:57:00.143352+05:30,36.95,,12059100
2025-09-05 10:57:00.443253+05:30,36.95,,12059100
2025-09-05 10:57:00.768003+05:30,37.15,,12059100
2025-09-05 10:57:01.447844+05:30,37.45,,12059100
2025-09-05 10:57:01.716552+05:30,37.45,,12059100
2025-09-05 10:57:02.141505+05:30,37.45,,12059100
2025-09-05 10:57:02.714160+05:30,37.3,,12059100
2025-09-05 10:57:02.948827+05:30,37.4,,12059100
2025-09-05 10:57:03.743526+05:30,37.45,,12059100
2025-09-05 10:57:04.192156+05:30,37.55,,12059100
2025-09-05 10:57:04.699174+05:30,37.65,,12059100
2025-09-05 10:57:05.203218+05:30,37.55,,12059100
2025-09-05 10:57:05.656679+05:30,37.65,,12059100
2025-09-05 10:57:06.171605+05:30,37.6,,12059100
2025-09-05 10:57:06.458470+05:30,37.7,,12059100
2025-09-05 10:57:06.642295+05:30,37.65,,12059100
2025-09-05 10:57:07.160834+05:30,37.65,,12059100
2025-09-05 10:57:07.892339+05:30,37.6,,12059100
2025-09-05 10:57:08.682276+05:30,37.5,,12059100
2025-09-05 10:57:09.238131+05:30,37.4,,12059100
2025-09-05 10:57:09.695550+05:30,37.55,,12059100
2025-09-05 10:57:10.186035+05:30,37.6,,12059100
2025-09-05 10:57:10.688254+05:30,37.55,,12059100
2025-09-05 10:57:11.191272+05:30,37.65,,12059100
2025-09-05 10:57:11.673071+05:30,37.6,,12059100
2025-09-05 10:57:12.147439+05:30,37.65,,12059100
2025-09-05 10:57:12.747155+05:30,37.55,,12059100
2025-09-05 10:57:12.892309+05:30,37.75,,12059100
2025-09-05 10:57:13.697628+05:30,37.5,,12059100
2025-09-05 10:57:14.213175+05:30,37.55,,12059100
2025-09-05 10:57:14.750232+05:30,37.55,,12059100
2025-09-05 10:57:15.176234+05:30,37.65,,12059100
2025-09-05 10:57:15.663949+05:30,37.45,,12059100
2025-09-05 10:57:16.013646+05:30,37.1,,12059100
2025-09-05 10:57:16.425587+05:30,37.1,,12059100
2025-09-05 10:57:16.642300+05:30,36.9,,12059100
2025-09-05 10:57:17.190818+05:30,36.8,,12059100
2025-09-05 10:57:17.644484+05:30,36.9,,12059100
2025-09-05 10:57:17.916174+05:30,36.85,,12059100
2025-09-05 10:57:18.147304+05:30,36.95,,12059100
2025-09-05 10:57:18.660411+05:30,36.85,,12059100
2025-09-05 10:57:19.168108+05:30,36.8,,12059100
2025-09-05 10:57:19.712623+05:30,36.95,,12059100
2025-09-05 10:57:20.196201+05:30,37.05,,12059100
2025-09-05 10:57:20.686719+05:30,37.0,,12059100
2025-09-05 10:57:21.160293+05:30,37.0,,12059100
2025-09-05 10:57:21.980138+05:30,36.85,,12059100
2025-09-05 10:57:22.685266+05:30,36.95,,12059100
2025-09-05 10:57:22.948092+05:30,36.95,,12059100
2025-09-05 10:57:23.643199+05:30,36.95,,12059100
2025-09-05 10:57:24.196710+05:30,36.9,,12059100
2025-09-05 10:57:24.745142+05:30,37.15,,12059100
2025-09-05 10:57:25.205192+05:30,36.95,,12059100
2025-09-05 10:57:25.646670+05:30,37.0,,12059100
2025-09-05 10:57:26.186101+05:30,36.75,,12059100
2025-09-05 10:57:26.723968+05:30,36.65,,12059100
2025-09-05 10:57:27.142238+05:30,36.65,,12059100
2025-09-05 10:57:27.740507+05:30,36.55,,12059100
2025-09-05 10:57:27.995069+05:30,36.55,,12059100
2025-09-05 10:57:28.142238+05:30,36.65,,12059100
2025-09-05 10:57:28.921189+05:30,36.8,,12059100
2025-09-05 10:57:29.680832+05:30,36.9,,12059100
2025-09-05 10:57:30.147359+05:30,36.9,,12059100
2025-09-05 10:57:30.447528+05:30,36.9,,12059100
2025-09-05 10:57:30.691952+05:30,36.85,,12059100
2025-09-05 10:57:31.189300+05:30,37.0,,12059100
2025-09-05 10:57:31.392146+05:30,37.0,,12059100
2025-09-05 10:57:31.746553+05:30,37.0,,12059100
2025-09-05 10:57:32.197667+05:30,37.0,,12059100
2025-09-05 10:57:32.392209+05:30,37.0,,12059100
2025-09-05 10:57:32.659134+05:30,36.9,,12059100
2025-09-05 10:57:32.954367+05:30,36.95,,12059100
2025-09-05 10:57:33.188092+05:30,36.9,,12059100
2025-09-05 10:57:33.892307+05:30,37.05,,12059100
2025-09-05 10:57:34.993504+05:30,36.75,,12059100
2025-09-05 10:57:35.968965+05:30,36.8,,12059100
2025-09-05 10:57:36.142050+05:30,36.7,,12059100
2025-09-05 10:57:36.392249+05:30,36.5,,12059100
2025-09-05 10:57:36.942244+05:30,36.55,,12059100
2025-09-05 10:57:37.432392+05:30,36.65,,12059100
2025-09-05 10:57:37.935526+05:30,36.6,,12065550
2025-09-05 10:57:38.936670+05:30,36.65,,12065550
2025-09-05 10:57:39.674666+05:30,36.65,,12065550
2025-09-05 10:57:40.213096+05:30,36.75,,12065550
2025-09-05 10:57:40.935871+05:30,36.7,,12065550
2025-09-05 10:57:41.147411+05:30,36.7,,12065550
2025-09-05 10:57:41.392106+05:30,36.7,,12065550
2025-09-05 10:57:41.919779+05:30,36.75,,12065550
2025-09-05 10:57:42.142036+05:30,36.8,,12065550
2025-09-05 10:57:42.457371+05:30,36.9,,12065550
2025-09-05 10:57:43.005270+05:30,36.8,,12065550
2025-09-05 10:57:43.943542+05:30,36.8,,12065550
2025-09-05 10:57:44.178310+05:30,36.8,,12065550
2025-09-05 10:57:44.698360+05:30,36.7,,12065550
2025-09-05 10:57:44.972935+05:30,36.65,,12065550
2025-09-05 10:57:45.930713+05:30,36.7,,12065550
2025-09-05 10:57:46.160369+05:30,36.65,,12065550
2025-09-05 10:57:46.392539+05:30,36.7,,12065550
2025-09-05 10:57:46.962110+05:30,36.8,,12065550
2025-09-05 10:57:47.180424+05:30,36.8,,12065550
2025-09-05 10:57:47.690345+05:30,36.7,,12065550
2025-09-05 10:57:47.892129+05:30,36.8,,12065550
2025-09-05 10:57:48.149744+05:30,36.75,,12065550
2025-09-05 10:57:48.892720+05:30,36.85,,12065550
2025-09-05 10:57:49.240162+05:30,37.15,,12065550
2025-09-05 10:57:49.695986+05:30,37.15,,12065550
2025-09-05 10:57:50.166936+05:30,37.15,,12065550
2025-09-05 10:57:50.942151+05:30,37.05,,12065550
2025-09-05 10:57:51.205338+05:30,36.95,,12065550
2025-09-05 10:57:51.397178+05:30,37.1,,12065550
2025-09-05 10:57:51.892240+05:30,37.35,,12065550
2025-09-05 10:57:52.717923+05:30,37.4,,12065550
2025-09-05 10:57:52.892168+05:30,37.55,,12065550
2025-09-05 10:57:53.186615+05:30,37.5,,12065550
2025-09-05 10:57:53.933001+05:30,37.55,,12065550
2025-09-05 10:57:54.178125+05:30,37.55,,12065550
2025-09-05 10:57:54.642173+05:30,37.7,,12065550
2025-09-05 10:57:54.891957+05:30,37.7,,12065550
2025-09-05 10:57:55.905891+05:30,37.8,,12065550
2025-09-05 10:57:56.204313+05:30,37.95,,12065550
2025-09-05 10:57:56.967666+05:30,37.85,,12065550
2025-09-05 10:57:57.174195+05:30,37.9,,12065550
2025-09-05 10:57:57.739248+05:30,37.9,,12065550
2025-09-05 10:57:57.966141+05:30,37.75,,12065550
2025-09-05 10:57:58.891962+05:30,37.75,,12065550
2025-09-05 10:57:59.142217+05:30,37.75,,12065550
2025-09-05 10:57:59.642223+05:30,37.85,,12065550
2025-09-05 10:57:59.892248+05:30,37.85,,12065550
2025-09-05 10:58:00.913799+05:30,37.9,,12065550
2025-09-05 10:58:01.176280+05:30,37.95,,12065550
2025-09-05 10:58:01.468207+05:30,38.0,,12065550
2025-09-05 10:58:11.088479+05:30,38.05,,12065550
2025-09-05 10:58:11.131592+05:30,38.0,,12065550
2025-09-05 10:58:11.250815+05:30,38.0,,12065550
2025-09-05 10:58:11.279223+05:30,37.9,,12065550
2025-09-05 10:58:11.395347+05:30,38.05,,12065550
2025-09-05 10:58:11.423772+05:30,38.05,,12065550
2025-09-05 10:58:11.491273+05:30,37.5,,12065550
2025-09-05 10:58:11.581399+05:30,37.5,,12065550
2025-09-05 10:58:11.705219+05:30,37.65,,12065550
2025-09-05 10:58:11.794322+05:30,37.3,,12065550
2025-09-05 10:58:11.954689+05:30,37.0,,12065550
2025-09-05 10:58:12.086404+05:30,37.05,,12065550
2025-09-05 10:58:12.295206+05:30,37.35,,12065550
2025-09-05 10:58:12.303663+05:30,37.2,,12065550
2025-09-05 10:58:12.469715+05:30,37.25,,12065550
2025-09-05 10:58:12.570095+05:30,37.4,,12065550
2025-09-05 10:58:12.755116+05:30,37.4,,12065550
2025-09-05 10:58:12.911140+05:30,37.55,,12065550
2025-09-05 10:58:13.270149+05:30,37.45,,12065550
2025-09-05 10:58:13.428582+05:30,37.45,,12065550
2025-09-05 10:58:13.502483+05:30,37.55,,12065550
2025-09-05 10:58:13.764801+05:30,37.4,,12065550
2025-09-05 10:58:13.857440+05:30,37.35,,12065550
2025-09-05 10:58:13.939107+05:30,37.3,,12065550
2025-09-05 10:58:14.226611+05:30,37.35,,12065550
2025-09-05 10:58:14.339957+05:30,37.25,,12065550
2025-09-05 10:58:14.641992+05:30,37.25,,12065550
2025-09-05 10:58:14.984060+05:30,37.25,,12065550
2025-09-05 10:58:15.142198+05:30,37.3,,12065550
2025-09-05 10:58:15.707282+05:30,37.1,,12065550
2025-09-05 10:58:15.909287+05:30,37.2,,12065550
2025-09-05 10:58:16.158846+05:30,37.3,,12065550
2025-09-05 10:58:17.141972+05:30,37.45,,12065550
2025-09-05 10:58:17.413780+05:30,37.45,,12065550
2025-09-05 10:58:17.914703+05:30,37.45,,12065550
2025-09-05 10:58:19.000695+05:30,37.15,,12065550
2025-09-05 10:58:19.196361+05:30,37.25,,12065550
2025-09-05 10:58:19.701308+05:30,37.3,,12065550
2025-09-05 10:58:20.202666+05:30,37.25,,12065550
2025-09-05 10:58:20.740114+05:30,37.3,,12065550
2025-09-05 10:58:20.904195+05:30,37.3,,12065550
2025-09-05 10:58:21.160220+05:30,37.35,,12065550
2025-09-05 10:58:21.469484+05:30,37.4,,12065550
2025-09-05 10:58:21.892150+05:30,37.25,,12065550
2025-09-05 10:58:22.430565+05:30,37.3,,12065550
2025-09-05 10:58:22.986855+05:30,37.45,,12065550
2025-09-05 10:58:23.202560+05:30,37.45,,12065550
2025-09-05 10:58:23.942958+05:30,37.5,,12065550
2025-09-05 10:58:24.142427+05:30,37.55,,12065550
2025-09-05 10:58:24.443402+05:30,37.55,,12065550
2025-09-05 10:58:25.010024+05:30,37.65,,12065550
2025-09-05 10:58:25.142357+05:30,37.65,,12065550
2025-09-05 10:58:25.988398+05:30,37.6,,12065550
2025-09-05 10:58:26.392285+05:30,37.4,,12065550
2025-09-05 10:58:26.973254+05:30,37.4,,12065550
2025-09-05 10:58:27.172075+05:30,37.25,,12065550
2025-09-05 10:58:27.918901+05:30,37.2,,12065550
2025-09-05 10:58:28.164682+05:30,37.1,,12065550
2025-09-05 10:58:28.962717+05:30,37.1,,12065550
2025-09-05 10:58:29.158683+05:30,37.15,,12065550
2025-09-05 10:58:29.435494+05:30,37.15,,12065550
2025-09-05 10:58:29.967688+05:30,37.0,,12065550
2025-09-05 10:58:30.201866+05:30,37.1,,12065550
2025-09-05 10:58:30.419161+05:30,37.1,,12065550
2025-09-05 10:58:30.894571+05:30,36.9,,12065550
2025-09-05 10:58:31.174046+05:30,36.85,,12065550
2025-09-05 10:58:31.989585+05:30,36.85,,12065550
2025-09-05 10:58:32.142239+05:30,36.8,,12065550
2025-09-05 10:58:32.913971+05:30,36.9,,12065550
2025-09-05 10:58:34.004509+05:30,37.05,,12065550
2025-09-05 10:58:34.142332+05:30,37.05,,12065550
2025-09-05 10:58:34.689736+05:30,37.3,,12065550
2025-09-05 10:58:35.180516+05:30,37.2,,12065550
2025-09-05 10:58:35.698840+05:30,37.3,,12065550
2025-09-05 10:58:36.152660+05:30,37.2,,12065550
2025-09-05 10:58:36.967356+05:30,37.35,,12065550
2025-09-05 10:58:37.192195+05:30,37.15,,12065550
2025-09-05 10:58:37.940024+05:30,37.25,,12065550
2025-09-05 10:58:38.238927+05:30,37.4,,12065550
2025-09-05 10:58:38.966490+05:30,37.3,,12065550
2025-09-05 10:58:39.172438+05:30,37.3,,12065550
2025-09-05 10:58:39.660664+05:30,37.4,,12065550
2025-09-05 10:58:40.004458+05:30,37.25,,12065550
2025-09-05 10:58:40.418695+05:30,37.25,,12065550
2025-09-05 10:58:40.946137+05:30,37.35,,12065550
2025-09-05 10:58:41.220439+05:30,37.6,,12065550
2025-09-05 10:58:41.929976+05:30,37.6,,12065550
2025-09-05 10:58:42.141876+05:30,37.5,,12065550
2025-09-05 10:58:42.473834+05:30,37.55,,12065550
2025-09-05 10:58:42.925395+05:30,37.55,,12065550
2025-09-05 10:58:43.141831+05:30,37.6,,12065550
2025-09-05 10:58:43.891809+05:30,37.6,,12065550
2025-09-05 10:58:44.141715+05:30,37.6,,12065550
2025-09-05 10:58:44.745720+05:30,37.65,,12065550
2025-09-05 10:58:44.901971+05:30,37.75,,12065550
2025-09-05 10:59:11.051252+05:30,37.65,,12065550
2025-09-05 10:59:11.077487+05:30,37.65,,12065550
2025-09-05 10:59:11.191465+05:30,37.55,,12065550
2025-09-05 10:59:11.216913+05:30,37.75,,12065550
2025-09-05 10:59:11.336119+05:30,37.75,,12065550
2025-09-05 10:59:11.450713+05:30,37.6,,12065550
2025-09-05 10:59:11.768167+05:30,37.6,,12065550
2025-09-05 10:59:11.989725+05:30,37.6,,12065550
2025-09-05 10:59:12.055899+05:30,37.85,,12065550
2025-09-05 10:59:12.234402+05:30,37.65,,12065550
2025-09-05 10:59:12.359722+05:30,37.65,,12065550
2025-09-05 10:59:12.568573+05:30,37.8,,12065550
2025-09-05 10:59:12.592402+05:30,37.75,,12065550
2025-09-05 10:59:12.667849+05:30,37.75,,12065550
2025-09-05 10:59:12.828871+05:30,37.85,,12065550
2025-09-05 10:59:12.881860+05:30,38.0,,12065550
2025-09-05 10:59:13.115641+05:30,38.1,,12065550
2025-09-05 10:59:13.298522+05:30,38.1,,12065550
2025-09-05 10:59:13.553158+05:30,38.05,,12065550
2025-09-05 10:59:13.756395+05:30,38.05,,12065550
2025-09-05 10:59:13.941170+05:30,38.15,,12065550
2025-09-05 10:59:14.066942+05:30,38.15,,12065550
2025-09-05 10:59:14.160561+05:30,38.0,,12065550
2025-09-05 10:59:14.244647+05:30,38.1,,12065550
2025-09-05 10:59:14.393759+05:30,38.05,,12065550
2025-09-05 10:59:14.516315+05:30,38.1,,12065550
2025-09-05 10:59:14.540954+05:30,38.05,,12065550
2025-09-05 10:59:14.826967+05:30,38.2,,12065550
2025-09-05 10:59:15.064069+05:30,38.2,,12065550
2025-09-05 10:59:15.196921+05:30,38.15,,12065550
2025-09-05 10:59:15.268313+05:30,38.1,,12065550
2025-09-05 10:59:15.641953+05:30,37.9,,12065550
2025-09-05 10:59:15.687213+05:30,37.85,,12065550
2025-09-05 10:59:15.970093+05:30,37.9,,12065550
2025-09-05 10:59:16.012220+05:30,37.9,,12065550
2025-09-05 10:59:16.195866+05:30,37.65,,12065550
2025-09-05 10:59:16.280686+05:30,37.65,,12065550
2025-09-05 10:59:16.402163+05:30,37.8,,12065550
2025-09-05 10:59:16.561483+05:30,37.8,,12065550
2025-09-05 10:59:16.731801+05:30,37.95,,12065550
2025-09-05 10:59:16.859482+05:30,37.95,,12065550
2025-09-05 10:59:17.129602+05:30,37.95,,12065550
2025-09-05 10:59:17.311199+05:30,38.0,,12065550
2025-09-05 10:59:17.459139+05:30,38.0,,12065550
2025-09-05 10:59:17.568541+05:30,38.05,,12065550
2025-09-05 10:59:17.737377+05:30,37.95,,12065550
2025-09-05 10:59:18.004872+05:30,37.35,,12065550
2025-09-05 10:59:18.118772+05:30,37.45,,12065550
2025-09-05 10:59:18.276717+05:30,37.45,,12065550
2025-09-05 10:59:18.396852+05:30,37.4,,12065550
2025-09-05 10:59:18.542673+05:30,37.35,,12065550
2025-09-05 10:59:18.651789+05:30,37.45,,12065550
2025-09-05 10:59:18.844883+05:30,37.7,,12065550
2025-09-05 10:59:19.013757+05:30,37.7,,12065550
2025-09-05 10:59:19.430408+05:30,37.8,,12065550
2025-09-05 10:59:19.469394+05:30,37.7,,12065550
2025-09-05 10:59:19.600226+05:30,37.65,,12065550
2025-09-05 10:59:19.920866+05:30,37.6,,12065550
2025-09-05 10:59:20.204300+05:30,37.65,,12065550
2025-09-05 10:59:20.355235+05:30,37.8,,12065550
2025-09-05 10:59:20.562852+05:30,37.7,,12065550
2025-09-05 10:59:20.711261+05:30,37.9,,12065550
2025-09-05 10:59:20.815672+05:30,37.65,,12065550
2025-09-05 10:59:20.926501+05:30,37.7,,12065550
2025-09-05 10:59:21.145052+05:30,37.7,,12065550
2025-09-05 10:59:21.380097+05:30,37.85,,12065550
2025-09-05 10:59:21.562134+05:30,37.95,,12065550
2025-09-05 10:59:21.707705+05:30,38.0,,12065550
2025-09-05 10:59:21.856521+05:30,38.0,,12065550
2025-09-05 10:59:22.066509+05:30,38.0,,12065550
2025-09-05 10:59:22.140355+05:30,38.0,,12065550
2025-09-05 10:59:22.376378+05:30,37.95,,12065550
2025-09-05 10:59:22.462779+05:30,37.9,,12065550
2025-09-05 10:59:22.666620+05:30,37.9,,12065550
2025-09-05 10:59:22.795699+05:30,38.0,,12065550
2025-09-05 10:59:22.891083+05:30,37.95,,12065550
2025-09-05 10:59:23.320821+05:30,37.85,,12065550
2025-09-05 10:59:23.418060+05:30,38.0,,12065550
2025-09-05 10:59:23.540944+05:30,38.1,,12065550
2025-09-05 10:59:23.691958+05:30,38.15,,12065550
2025-09-05 10:59:23.868188+05:30,38.1,,12065550
2025-09-05 10:59:23.961755+05:30,38.0,,12065550
2025-09-05 10:59:24.065608+05:30,38.0,,12065550
2025-09-05 10:59:24.284349+05:30,37.95,,12065550
2025-09-05 10:59:24.480821+05:30,37.95,,12065550
2025-09-05 10:59:24.510262+05:30,37.9,,12065550
2025-09-05 10:59:24.709277+05:30,37.95,,12065550
2025-09-05 10:59:24.785226+05:30,38.0,,12065550
2025-09-05 10:59:25.043265+05:30,38.0,,12065550
2025-09-05 10:59:25.224442+05:30,38.05,,12065550
2025-09-05 10:59:25.280408+05:30,38.1,,12065550
2025-09-05 10:59:25.368434+05:30,38.1,,12065550
2025-09-05 10:59:25.443275+05:30,38.0,,12065550
2025-09-05 10:59:25.658176+05:30,38.05,,12065550
2025-09-05 10:59:25.723997+05:30,38.0,,12065550
2025-09-05 10:59:25.859619+05:30,38.2,,12065550
2025-09-05 10:59:26.040778+05:30,38.3,,12065550
2025-09-05 10:59:26.177766+05:30,38.4,,12065550
2025-09-05 10:59:26.266634+05:30,38.25,,12065550
2025-09-05 10:59:26.557568+05:30,38.35,,12065550
2025-09-05 10:59:26.591199+05:30,38.3,,12065550
2025-09-05 11:00:11.062991+05:30,38.1,,12065550
2025-09-05 11:00:11.105569+05:30,38.25,,12065550
2025-09-05 11:00:11.221494+05:30,38.1,,12065550
2025-09-05 11:00:11.242886+05:30,38.2,,12065550
2025-09-05 11:00:11.402171+05:30,38.25,,12065550
2025-09-05 11:00:11.586025+05:30,38.05,,12065550
2025-09-05 11:00:11.687892+05:30,38.0,,12065550
2025-09-05 11:00:11.803981+05:30,38.15,,12065550
2025-09-05 11:00:11.961113+05:30,38.15,,12065550
2025-09-05 11:00:12.073885+05:30,38.1,,12065550
2025-09-05 11:00:12.312441+05:30,38.1,,12065550
2025-09-05 11:00:12.447068+05:30,38.1,,12065550
2025-09-05 11:00:12.600404+05:30,37.95,,12065550
2025-09-05 11:00:12.625663+05:30,37.95,,12065550
2025-09-05 11:00:12.719129+05:30,37.95,,12065550
2025-09-05 11:00:12.936597+05:30,37.35,,12065550
2025-09-05 11:00:13.037928+05:30,37.45,,12065550
2025-09-05 11:00:13.291464+05:30,37.55,,12065550
2025-09-05 11:00:13.371598+05:30,37.6,,12065550
2025-09-05 11:00:13.507109+05:30,37.7,,12065550
2025-09-05 11:00:13.629033+05:30,37.6,,12065550
2025-09-05 11:00:13.845836+05:30,37.6,,12065550
2025-09-05 11:00:13.855138+05:30,37.7,,12065550
2025-09-05 11:00:14.055822+05:30,37.8,,12065550
2025-09-05 11:00:14.163890+05:30,37.9,,12065550
2025-09-05 11:00:14.416216+05:30,37.85,,12065550
2025-09-05 11:00:14.541265+05:30,37.8,,12065550
2025-09-05 11:00:14.612673+05:30,37.85,,12065550
2025-09-05 11:00:14.781435+05:30,37.8,,12065550
2025-09-05 11:00:14.940587+05:30,37.85,,12065550
2025-09-05 11:00:15.083590+05:30,37.85,,12065550
2025-09-05 11:00:15.282929+05:30,37.9,,12065550
2025-09-05 11:00:15.391744+05:30,37.85,,12065550
2025-09-05 11:00:15.496693+05:30,37.7,,12065550
2025-09-05 11:00:15.743343+05:30,37.65,,12065550
2025-09-05 11:00:15.948784+05:30,37.75,,12065550
2025-09-05 11:00:16.046954+05:30,37.8,,12065550
2025-09-05 11:00:16.171601+05:30,37.85,,12065550
2025-09-05 11:00:16.464707+05:30,37.75,,12065550
2025-09-05 11:00:16.544366+05:30,37.75,,12065550
2025-09-05 11:00:16.592283+05:30,37.7,,12065550
2025-09-05 11:00:16.771284+05:30,37.75,,12065550
2025-09-05 11:00:16.865561+05:30,37.75,,12065550
2025-09-05 11:00:17.114873+05:30,37.85,,12065550
2025-09-05 11:00:17.207002+05:30,37.9,,12065550
2025-09-05 11:00:17.361156+05:30,37.8,,12065550
2025-09-05 11:00:17.564640+05:30,37.85,,12065550
2025-09-05 11:00:17.696367+05:30,37.85,,12065550
2025-09-05 11:00:17.722098+05:30,37.9,,12065550
2025-09-05 11:00:17.790134+05:30,37.75,,12065550
2025-09-05 11:00:17.932731+05:30,37.6,,12065550
2025-09-05 11:00:18.073693+05:30,37.6,,12065550
2025-09-05 11:00:18.198206+05:30,37.6,,12065550
2025-09-05 11:00:18.285973+05:30,37.6,,12065550
2025-09-05 11:00:18.459877+05:30,37.6,,12065550
2025-09-05 11:00:18.678201+05:30,37.6,,12065550
2025-09-05 11:00:18.887899+05:30,37.55,,12065550
2025-09-05 11:00:18.926385+05:30,37.6,,12065550
2025-09-05 11:00:19.081527+05:30,37.5,,12065550
2025-09-05 11:00:19.429423+05:30,37.45,,12065550
2025-09-05 11:00:19.554314+05:30,37.5,,12065550
2025-09-05 11:00:19.641067+05:30,37.6,,12065550
2025-09-05 11:00:19.728691+05:30,37.5,,12065550
2025-09-05 11:00:19.833131+05:30,37.5,,12065550
2025-09-05 11:00:19.945586+05:30,37.55,,12065550
2025-09-05 11:00:20.150533+05:30,37.55,,12065550
2025-09-05 11:00:20.260177+05:30,37.6,,12065550
2025-09-05 11:00:20.309036+05:30,37.45,,12065550
2025-09-05 11:00:20.505749+05:30,37.45,,12065550
2025-09-05 11:00:20.678509+05:30,37.6,,12065550
2025-09-05 11:00:20.863990+05:30,37.55,,12065550
2025-09-05 11:00:21.074895+05:30,37.6,,12065550
2025-09-05 11:00:21.172115+05:30,37.55,,12065550
2025-09-05 11:00:21.488140+05:30,37.8,,12065550
2025-09-05 11:00:21.669230+05:30,37.9,,12065550
2025-09-05 11:00:21.701765+05:30,37.9,,12065550
2025-09-05 11:00:21.844576+05:30,37.85,,12065550
2025-09-05 11:00:21.979192+05:30,37.85,,12065550
2025-09-05 11:00:22.199944+05:30,37.9,,12065550
2025-09-05 11:00:22.320735+05:30,38.25,,12065550
2025-09-05 11:00:22.521210+05:30,38.1,,12065550
2025-09-05 11:00:22.630789+05:30,38.1,,12065550
2025-09-05 11:00:22.759688+05:30,38.1,,12065550
2025-09-05 11:00:22.928136+05:30,37.95,,12065550
2025-09-05 11:00:23.011538+05:30,38.0,,12065550
2025-09-05 11:00:23.369171+05:30,37.9,,12065550
2025-09-05 11:00:23.542616+05:30,37.9,,12065550
2025-09-05 11:00:23.758573+05:30,37.9,,12065550
2025-09-05 11:00:23.927967+05:30,38.15,,12065550
2025-09-05 11:00:24.253335+05:30,38.15,,12065550
2025-09-05 11:00:24.295224+05:30,38.15,,12065550
2025-09-05 11:00:24.351490+05:30,38.05,,12065550
2025-09-05 11:00:24.571941+05:30,38.05,,12065550
2025-09-05 11:00:24.700436+05:30,38.05,,12065550
2025-09-05 11:00:24.926726+05:30,38.0,,12065550
2025-09-05 11:00:25.009895+05:30,37.8,,12065550
2025-09-05 11:00:25.064356+05:30,37.8,,12065550
2025-09-05 11:00:25.433120+05:30,37.75,,12065550
2025-09-05 11:00:25.578072+05:30,37.7,,12065550
2025-09-05 11:00:25.692120+05:30,37.9,,12065550
2025-09-05 11:00:25.863519+05:30,37.85,,12065550
2025-09-05 11:00:25.936526+05:30,37.85,,12065550
2025-09-05 11:00:56.450546+05:30,37.65,,12065550
2025-09-05 11:00:56.469849+05:30,37.55,,12065550
2025-09-05 11:00:56.562756+05:30,37.6,,12065550
2025-09-05 11:00:56.724340+05:30,37.5,,12065550
2025-09-05 11:00:56.753291+05:30,37.5,,12065550
2025-09-05 11:00:56.861749+05:30,37.4,,12065550
2025-09-05 11:00:57.008961+05:30,37.45,,12065550
2025-09-05 11:00:57.495377+05:30,37.35,,12065550
2025-09-05 11:00:57.550116+05:30,37.5,,12065550
2025-09-05 11:00:57.721990+05:30,37.6,,12065550
2025-09-05 11:00:57.769437+05:30,37.6,,12065550
2025-09-05 11:00:57.833860+05:30,37.75,,12065550
2025-09-05 11:00:58.033612+05:30,37.75,,12065550
2025-09-05 11:00:58.101404+05:30,37.8,,12065550
2025-09-05 11:00:58.118697+05:30,37.65,,12065550
2025-09-05 11:00:58.250297+05:30,37.6,,12065550
2025-09-05 11:00:58.401040+05:30,37.8,,12065550
2025-09-05 11:00:58.414291+05:30,37.8,,12065550
2025-09-05 11:00:58.514294+05:30,37.65,,12065550
2025-09-05 11:00:58.532837+05:30,37.7,,12065550
2025-09-05 11:00:58.684355+05:30,37.7,,12065550
2025-09-05 11:00:58.731697+05:30,37.8,,12065550
2025-09-05 11:00:58.792761+05:30,37.85,,12065550
2025-09-05 11:00:58.888784+05:30,37.9,,12065550
2025-09-05 11:00:58.913167+05:30,37.8,,12065550
2025-09-05 11:00:59.219527+05:30,37.8,,12065550
2025-09-05 11:00:59.287403+05:30,37.6,,12065550
2025-09-05 11:00:59.362179+05:30,37.7,,12065550
2025-09-05 11:00:59.421503+05:30,37.75,,12065550
2025-09-05 11:00:59.556425+05:30,37.65,,12065550
2025-09-05 11:00:59.579742+05:30,37.9,,12065550
2025-09-05 11:00:59.741552+05:30,37.75,,12065550
2025-09-05 11:00:59.879821+05:30,37.7,,12065550
2025-09-05 11:00:59.965576+05:30,37.7,,12065550
2025-09-05 11:01:00.141533+05:30,37.8,,12065550
2025-09-05 11:01:00.361997+05:30,37.75,,12065550
2025-09-05 11:01:00.434797+05:30,37.75,,12065550
2025-09-05 11:01:00.632337+05:30,37.8,,12065550
2025-09-05 11:01:00.763498+05:30,37.65,,12065550
2025-09-05 11:01:00.869418+05:30,38.1,,12065550
2025-09-05 11:01:01.101619+05:30,38.0,,12065550
2025-09-05 11:01:01.280180+05:30,38.1,,12065550
2025-09-05 11:01:01.381186+05:30,38.05,,12065550
2025-09-05 11:01:01.535002+05:30,38.1,,12065550
2025-09-05 11:01:01.562725+05:30,38.25,,12065550
2025-09-05 11:01:01.757946+05:30,38.05,,12065550
2025-09-05 11:01:01.893879+05:30,38.0,,12065550
2025-09-05 11:01:01.963689+05:30,38.05,,12065550
2025-09-05 11:01:02.113311+05:30,38.1,,12065550
2025-09-05 11:01:02.216608+05:30,38.2,,12065550
2025-09-05 11:01:02.335221+05:30,38.35,,12065550
2025-09-05 11:01:02.417087+05:30,38.35,,12065550
2025-09-05 11:01:02.511865+05:30,38.25,,12065550
2025-09-05 11:01:02.613483+05:30,38.2,,12065550
2025-09-05 11:01:02.801829+05:30,38.2,,12065550
2025-09-05 11:01:02.974305+05:30,37.7,,12065550
2025-09-05 11:01:02.999681+05:30,37.8,,12065550
2025-09-05 11:01:03.270126+05:30,37.75,,12065550
2025-09-05 11:01:03.419182+05:30,37.75,,12065550
2025-09-05 11:01:03.623911+05:30,37.6,,12065550
2025-09-05 11:01:03.729502+05:30,37.75,,12065550
2025-09-05 11:01:03.905590+05:30,37.7,,12065550
2025-09-05 11:01:04.012993+05:30,37.65,,12065550
2025-09-05 11:01:04.124247+05:30,37.95,,12065550
2025-09-05 11:01:04.229555+05:30,37.85,,12065550
2025-09-05 11:01:04.290978+05:30,37.85,,12065550
2025-09-05 11:01:04.555711+05:30,37.95,,12065550
2025-09-05 11:01:04.618125+05:30,38.0,,12065550
2025-09-05 11:01:04.736778+05:30,38.0,,12065550
2025-09-05 11:01:04.890245+05:30,38.0,,12065550
2025-09-05 11:01:04.911770+05:30,38.0,,12065550
2025-09-05 11:01:05.228719+05:30,37.9,,12065550
2025-09-05 11:01:05.317061+05:30,37.9,,12065550
2025-09-05 11:01:05.412481+05:30,37.95,,12065550
2025-09-05 11:01:05.557863+05:30,37.9,,12065550
2025-09-05 11:01:05.650065+05:30,38.0,,12065550
2025-09-05 11:01:05.847238+05:30,38.1,,12065550
2025-09-05 11:01:05.919365+05:30,37.9,,12065550
2025-09-05 11:01:06.061593+05:30,37.9,,12065550
2025-09-05 11:01:06.185508+05:30,37.95,,12065550
2025-09-05 11:01:06.332085+05:30,38.05,,12065550
2025-09-05 11:01:06.428316+05:30,37.9,,12065550
2025-09-05 11:01:06.665468+05:30,38.0,,12256050
2025-09-05 11:01:06.756144+05:30,38.05,,12256050
2025-09-05 11:01:06.987412+05:30,38.25,,12256050
2025-09-05 11:01:07.066782+05:30,38.2,,12256050
2025-09-05 11:01:07.199216+05:30,38.25,,12256050
2025-09-05 11:01:07.289536+05:30,38.45,,12256050
2025-09-05 11:01:07.448843+05:30,38.25,,12256050
2025-09-05 11:01:07.532209+05:30,38.35,,12256050
2025-09-05 11:01:07.596409+05:30,38.3,,12256050
2025-09-05 11:01:07.652306+05:30,38.3,,12256050
2025-09-05 11:01:07.679354+05:30,38.15,,12256050
2025-09-05 11:01:07.768158+05:30,37.85,,12256050
2025-09-05 11:01:07.837035+05:30,37.7,,12256050
2025-09-05 11:01:07.871356+05:30,37.8,,12256050
2025-09-05 11:01:07.945640+05:30,37.85,,12256050
2025-09-05 11:01:08.071782+05:30,37.8,,12256050
2025-09-05 11:01:08.194917+05:30,37.7,,12256050
2025-09-05 11:01:08.345858+05:30,37.7,,12256050
2025-09-05 11:01:08.372897+05:30,37.75,,12256050
2025-09-05 11:01:08.492459+05:30,37.85,,12256050
2025-09-05 11:01:08.559934+05:30,37.8,,12256050
2025-09-05 11:01:08.615634+05:30,37.7,,12256050
2025-09-05 11:01:08.741711+05:30,37.55,,12256050
2025-09-05 11:01:08.862362+05:30,37.65,,12256050
2025-09-05 11:01:08.917646+05:30,37.7,,12256050
2025-09-05 11:01:08.972073+05:30,37.7,,12256050
2025-09-05 11:01:09.097225+05:30,37.6,,12256050
2025-09-05 11:01:09.180888+05:30,37.7,,12256050
2025-09-05 11:01:09.344484+05:30,37.75,,12256050
2025-09-05 11:01:09.495185+05:30,37.6,,12256050
2025-09-05 11:01:09.653995+05:30,37.85,,12256050
2025-09-05 11:01:09.748287+05:30,37.85,,12256050
2025-09-05 11:01:09.897745+05:30,37.75,,12256050
2025-09-05 11:01:10.044388+05:30,37.75,,12256050
2025-09-05 11:01:10.187126+05:30,37.65,,12256050
2025-09-05 11:01:10.332348+05:30,37.7,,12256050
2025-09-05 11:01:10.381952+05:30,37.75,,12256050
2025-09-05 11:01:10.525781+05:30,37.7,,12256050
2025-09-05 11:01:10.715154+05:30,37.8,,12256050
2025-09-05 11:01:10.826249+05:30,37.65,,12256050
2025-09-05 11:01:10.838486+05:30,37.65,,12256050
2025-09-05 11:01:10.967337+05:30,37.8,,12256050
2025-09-05 11:01:11.204176+05:30,37.8,,12256050
2025-09-05 11:01:11.252846+05:30,37.75,,12256050
2025-09-05 11:01:11.541517+05:30,37.85,,12256050
2025-09-05 11:01:11.570051+05:30,37.95,,12256050
2025-09-05 11:01:11.725610+05:30,37.9,,12256050
2025-09-05 11:01:11.784167+05:30,37.9,,12256050
2025-09-05 11:01:11.853043+05:30,37.9,,12256050
2025-09-05 11:01:12.145956+05:30,37.95,,12256050
2025-09-05 11:01:12.216483+05:30,37.95,,12256050
2025-09-05 11:01:12.334435+05:30,37.9,,12256050
2025-09-05 11:01:12.410982+05:30,37.95,,12256050
2025-09-05 11:01:12.453249+05:30,37.9,,12256050
2025-09-05 11:01:12.587341+05:30,37.9,,12256050
2025-09-05 11:01:12.753449+05:30,38.15,,12256050
2025-09-05 11:01:12.884453+05:30,37.9,,12256050
2025-09-05 11:01:13.058635+05:30,38.05,,12256050
2025-09-05 11:01:13.073688+05:30,38.2,,12256050
2025-09-05 11:01:13.312350+05:30,38.2,,12256050
2025-09-05 11:01:13.400488+05:30,38.15,,12256050
2025-09-05 11:01:13.509711+05:30,38.35,,12256050
2025-09-05 11:01:13.692512+05:30,38.2,,12256050
2025-09-05 11:01:13.830242+05:30,38.15,,12256050
2025-09-05 11:01:13.902302+05:30,38.15,,12256050
2025-09-05 11:01:13.945562+05:30,38.2,,12256050
2025-09-05 11:01:14.020207+05:30,38.05,,12256050
2025-09-05 11:01:14.142669+05:30,38.05,,12256050
2025-09-05 11:01:14.259758+05:30,38.2,,12256050
2025-09-05 11:01:14.427862+05:30,38.2,,12256050
2025-09-05 11:01:14.586796+05:30,38.0,,12256050
2025-09-05 11:01:14.726262+05:30,38.0,,12256050
2025-09-05 11:01:14.790217+05:30,37.85,,12256050
2025-09-05 11:01:14.925801+05:30,37.7,,12256050
2025-09-05 11:01:14.981498+05:30,37.7,,12256050
2025-09-05 11:01:15.129985+05:30,37.9,,12256050
2025-09-05 11:01:15.166866+05:30,38.0,,12256050
2025-09-05 11:01:15.294799+05:30,38.1,,12256050
2025-09-05 11:01:15.410396+05:30,37.8,,12256050
2025-09-05 11:01:15.542543+05:30,38.0,,12256050
2025-09-05 11:01:15.590164+05:30,37.85,,12256050
2025-09-05 11:01:15.750068+05:30,38.0,,12256050
2025-09-05 11:01:15.873419+05:30,38.0,,12256050
2025-09-05 11:01:16.009656+05:30,38.0,,12256050
2025-09-05 11:01:16.197666+05:30,38.0,,12256050
2025-09-05 11:01:16.362044+05:30,38.15,,12256050
2025-09-05 11:01:16.432347+05:30,38.15,,12256050
2025-09-05 11:01:16.725888+05:30,38.15,,12256050
2025-09-05 11:01:16.773966+05:30,38.3,,12256050
2025-09-05 11:01:16.954172+05:30,38.4,,12256050
2025-09-05 11:01:17.087519+05:30,38.45,,12256050
2025-09-05 11:01:17.237954+05:30,38.4,,12256050
2025-09-05 11:01:17.261329+05:30,38.6,,12256050
2025-09-05 11:01:17.632533+05:30,38.45,,12256050
2025-09-05 11:01:17.755143+05:30,38.45,,12256050
2025-09-05 11:01:17.839679+05:30,38.6,,12256050
2025-09-05 11:01:17.913089+05:30,38.6,,12256050
2025-09-05 11:01:18.065421+05:30,38.6,,12256050
2025-09-05 11:01:18.159224+05:30,38.7,,12256050
2025-09-05 11:01:18.333597+05:30,38.45,,12256050
2025-09-05 11:01:18.417863+05:30,38.4,,12256050
2025-09-05 11:01:18.519938+05:30,38.45,,12256050
2025-09-05 11:01:18.599758+05:30,38.5,,12256050
2025-09-05 11:01:18.675947+05:30,38.4,,12256050
2025-09-05 11:01:18.750830+05:30,38.4,,12256050
2025-09-05 11:01:18.782031+05:30,38.4,,12256050
2025-09-05 11:01:18.989669+05:30,38.2,,12256050
2025-09-05 11:01:19.192898+05:30,38.15,,12256050
2025-09-05 11:01:19.917807+05:30,38.2,,12256050
2025-09-05 11:01:20.212056+05:30,38.1,,12256050
2025-09-05 11:01:20.933081+05:30,38.05,,12256050
2025-09-05 11:01:21.206225+05:30,38.15,,12256050
2025-09-05 11:01:21.687252+05:30,38.15,,12256050
2025-09-05 11:01:21.936127+05:30,38.15,,12256050
2025-09-05 11:01:22.178862+05:30,38.1,,12256050
2025-09-05 11:01:22.902200+05:30,38.2,,12256050
2025-09-05 11:01:23.238628+05:30,38.15,,12256050
2025-09-05 11:01:23.948829+05:30,38.15,,12256050
2025-09-05 11:01:24.179515+05:30,38.1,,12256050
2025-09-05 11:01:24.956706+05:30,38.1,,12256050
2025-09-05 11:01:25.166945+05:30,38.15,,12256050
2025-09-05 11:01:25.663930+05:30,37.7,,12256050
2025-09-05 11:01:25.960964+05:30,37.4,,12256050
2025-09-05 11:01:26.142574+05:30,37.45,,12256050
2025-09-05 11:01:26.642197+05:30,37.55,,12256050
2025-09-05 11:01:26.886544+05:30,37.55,,12256050
2025-09-05 11:01:27.214183+05:30,37.6,,12256050
2025-09-05 11:01:27.890650+05:30,37.7,,12256050
2025-09-05 11:01:28.242065+05:30,37.55,,12256050
2025-09-05 11:01:28.503245+05:30,37.55,,12256050
2025-09-05 11:01:28.938321+05:30,37.65,,12256050
2025-09-05 11:01:29.152371+05:30,37.8,,12256050
2025-09-05 11:01:29.976125+05:30,37.7,,12256050
2025-09-05 11:01:30.204863+05:30,37.7,,12256050
2025-09-05 11:01:30.411291+05:30,37.7,,12256050
2025-09-05 11:01:30.640851+05:30,37.6,,12256050
2025-09-05 11:01:30.891431+05:30,37.65,,12256050
2025-09-05 11:01:31.179240+05:30,37.75,,12256050
2025-09-05 11:01:31.749643+05:30,37.7,,12256050
2025-09-05 11:01:31.970384+05:30,37.45,,12256050
2025-09-05 11:01:32.183769+05:30,37.55,,12256050
2025-09-05 11:01:32.892439+05:30,37.4,,12256050
2025-09-05 11:01:33.249605+05:30,37.5,,12256050
2025-09-05 11:01:33.440525+05:30,37.4,,12256050
2025-09-05 11:01:33.898317+05:30,37.6,,12256050
2025-09-05 11:01:34.212126+05:30,37.65,,12256050
2025-09-05 11:01:35.000832+05:30,37.7,,12256050
2025-09-05 11:01:35.237207+05:30,37.7,,12256050
2025-09-05 11:01:35.640929+05:30,37.7,,12256050
2025-09-05 11:01:35.930590+05:30,37.7,,12256050
2025-09-05 11:01:36.202752+05:30,37.75,,12256050
2025-09-05 11:01:36.744451+05:30,37.7,,12256050
2025-09-05 11:01:36.953664+05:30,37.7,,12256050
2025-09-05 11:01:37.167641+05:30,37.85,,12256050
2025-09-05 11:01:37.954205+05:30,38.0,,12256050
2025-09-05 11:01:38.289457+05:30,37.9,,12256050
2025-09-05 11:01:38.908873+05:30,38.15,,12256050
2025-09-05 11:01:39.174934+05:30,38.25,,12256050
2025-09-05 11:01:39.949161+05:30,38.25,,12256050
2025-09-05 11:01:40.180954+05:30,38.15,,12256050
2025-09-05 11:01:40.662271+05:30,38.1,,12256050
2025-09-05 11:01:40.941842+05:30,38.15,,12256050
2025-09-05 11:01:41.208136+05:30,38.05,,12256050
2025-09-05 11:01:41.737904+05:30,38.05,,12256050
2025-09-05 11:01:41.890816+05:30,38.25,,12256050
2025-09-05 11:01:42.241734+05:30,38.05,,12256050
2025-09-05 11:01:42.943870+05:30,37.8,,12256050
2025-09-05 11:01:43.141364+05:30,37.75,,12256050
2025-09-05 11:01:43.946069+05:30,37.7,,12256050
2025-09-05 11:01:44.141662+05:30,37.7,,12256050
2025-09-05 11:01:44.929606+05:30,38.0,,12256050
2025-09-05 11:01:45.234685+05:30,38.05,,12256050
2025-09-05 11:01:45.657379+05:30,38.0,,12256050
2025-09-05 11:01:45.937594+05:30,38.0,,12256050
2025-09-05 11:01:46.140667+05:30,38.05,,12256050
2025-09-05 11:01:46.717855+05:30,38.05,,12256050
2025-09-05 11:01:46.887477+05:30,38.0,,12256050
2025-09-05 11:01:47.167721+05:30,38.0,,12256050
2025-09-05 11:01:47.427282+05:30,38.15,,12256050
2025-09-05 11:01:47.923715+05:30,38.2,,12256050
2025-09-05 11:01:48.216439+05:30,38.2,,12256050
2025-09-05 11:01:48.905379+05:30,37.95,,12256050
2025-09-05 11:01:49.200548+05:30,37.95,,12256050
2025-09-05 11:01:49.933422+05:30,37.95,,12256050
2025-09-05 11:01:50.140635+05:30,37.9,,12256050
2025-09-05 11:01:50.694313+05:30,37.95,,12256050
2025-09-05 11:01:50.933837+05:30,37.8,,12256050
2025-09-05 11:01:51.193569+05:30,37.8,,12256050
2025-09-05 11:01:51.641080+05:30,37.85,,12256050
2025-09-05 11:01:51.890593+05:30,37.95,,12256050
2025-09-05 11:01:52.183559+05:30,38.0,,12256050
2025-09-05 11:01:52.390524+05:30,38.0,,12256050
2025-09-05 11:01:52.890574+05:30,38.05,,12256050
2025-09-05 11:01:53.423304+05:30,38.1,,12256050
2025-09-05 11:01:53.926347+05:30,37.95,,12256050
2025-09-05 11:01:54.419145+05:30,37.95,,12256050
2025-09-05 11:01:54.955165+05:30,37.9,,12256050
2025-09-05 11:01:55.141842+05:30,38.1,,12256050
2025-09-05 11:01:55.656793+05:30,38.1,,12256050
2025-09-05 11:01:55.934462+05:30,38.05,,12256050
2025-09-05 11:01:56.440110+05:30,38.15,,12256050
2025-09-05 11:01:56.957205+05:30,38.1,,12256050
2025-09-05 11:01:57.183745+05:30,38.25,,12256050
2025-09-05 11:01:57.951334+05:30,38.2,,12256050
2025-09-05 11:01:58.390519+05:30,38.35,,12256050
2025-09-05 11:01:58.919500+05:30,38.3,,12256050
2025-09-05 11:01:59.388473+05:30,38.3,,12256050
2025-09-05 11:01:59.890914+05:30,38.4,,12256050
2025-09-05 11:02:00.224271+05:30,38.4,,12256050
2025-09-05 11:02:00.640507+05:30,38.4,,12256050
2025-09-05 11:02:00.923368+05:30,38.2,,12256050
2025-09-05 11:02:01.184102+05:30,38.25,,12256050
2025-09-05 11:02:01.640536+05:30,38.45,,12256050
2025-09-05 11:02:01.961266+05:30,38.25,,12256050
2025-09-05 11:02:02.408889+05:30,38.15,,12256050
2025-09-05 11:02:02.939206+05:30,38.3,,12256050
2025-09-05 11:02:03.140576+05:30,38.4,,12256050
2025-09-05 11:02:03.964453+05:30,38.4,,12256050
2025-09-05 11:02:04.404619+05:30,38.3,,12256050
2025-09-05 11:02:04.957214+05:30,38.35,,12256050
2025-09-05 11:02:05.141551+05:30,38.35,,12256050
2025-09-05 11:02:05.711178+05:30,38.25,,12256050
2025-09-05 11:02:05.950954+05:30,38.2,,12256050
2025-09-05 11:02:06.407629+05:30,38.25,,12256050
2025-09-05 11:02:06.711767+05:30,38.25,,12256050
2025-09-05 11:02:06.886291+05:30,38.3,,12256050
2025-09-05 11:02:07.422997+05:30,38.3,,12256050
2025-09-05 11:02:07.935628+05:30,38.1,,12256050
2025-09-05 11:02:08.441150+05:30,38.35,,12256050
2025-09-05 11:02:08.926079+05:30,38.5,,12256050
2025-09-05 11:02:09.390550+05:30,38.85,,12256050
2025-09-05 11:02:09.958625+05:30,38.9,,12256050
2025-09-05 11:02:10.186983+05:30,38.75,,12256050
2025-09-05 11:02:10.641119+05:30,38.85,,12256050
2025-09-05 11:02:10.907405+05:30,38.85,,12256050
2025-09-05 11:02:11.428742+05:30,38.75,,12256050
2025-09-05 11:02:11.638946+05:30,38.65,,12256050
2025-09-05 11:02:11.958641+05:30,38.55,,12256050
2025-09-05 11:02:12.388629+05:30,38.4,,12256050
2025-09-05 11:02:12.891350+05:30,38.3,,12256050
2025-09-05 11:02:13.453284+05:30,38.45,,12256050
2025-09-05 11:02:13.927247+05:30,38.45,,12256050
2025-09-05 11:02:14.140502+05:30,38.35,,12256050
2025-09-05 11:02:14.974291+05:30,38.05,,12256050
2025-09-05 11:02:15.180055+05:30,37.95,,12256050
2025-09-05 11:02:15.640533+05:30,38.1,,12256050
2025-09-05 11:02:15.934363+05:30,37.9,,12256050
2025-09-05 11:02:16.462378+05:30,38.0,,12256050
2025-09-05 11:02:16.640883+05:30,38.0,,12256050
2025-09-05 11:02:16.924960+05:30,37.95,,12256050
2025-09-05 11:02:17.229699+05:30,37.95,,12256050
2025-09-05 11:02:17.891232+05:30,37.9,,12256050
2025-09-05 11:02:18.201568+05:30,38.0,,12256050
2025-09-05 11:02:18.891129+05:30,38.0,,12256050
2025-09-05 11:02:19.390417+05:30,38.0,,12256050
2025-09-05 11:02:19.918258+05:30,38.0,,12256050
2025-09-05 11:02:20.404096+05:30,38.1,,12256050
2025-09-05 11:02:20.711219+05:30,38.1,,12256050
2025-09-05 11:02:20.917411+05:30,37.95,,12256050
2025-09-05 11:02:21.407797+05:30,38.05,,12256050
2025-09-05 11:02:21.662541+05:30,38.0,,12256050
2025-09-05 11:02:21.940879+05:30,38.0,,12256050
2025-09-05 11:02:22.414406+05:30,37.95,,12256050
2025-09-05 11:02:22.890429+05:30,38.0,,12256050
2025-09-05 11:02:23.464144+05:30,38.0,,12256050
2025-09-05 11:02:23.890955+05:30,37.9,,12256050
2025-09-05 11:02:24.401847+05:30,38.05,,12256050
2025-09-05 11:02:24.928581+05:30,38.15,,12256050
2025-09-05 11:02:25.233501+05:30,38.15,,12256050
2025-09-05 11:02:25.428623+05:30,38.0,,12256050
2025-09-05 11:02:25.895366+05:30,38.1,,12256050
2025-09-05 11:02:26.402533+05:30,38.1,,12256050
2025-09-05 11:02:26.961778+05:30,38.0,,12256050
2025-09-05 11:02:27.141066+05:30,38.0,,12256050
2025-09-05 11:02:27.410242+05:30,38.0,,12256050
2025-09-05 11:02:27.923941+05:30,38.0,,12256050
2025-09-05 11:02:28.220782+05:30,38.2,,12256050
2025-09-05 11:02:28.925631+05:30,38.0,,12256050
2025-09-05 11:02:29.444923+05:30,38.1,,12256050
2025-09-05 11:02:29.896555+05:30,37.9,,12256050
2025-09-05 11:02:30.390552+05:30,38.0,,12256050
2025-09-05 11:02:30.673566+05:30,37.9,,12256050
2025-09-05 11:02:30.917001+05:30,38.1,,12256050
2025-09-05 11:02:31.206476+05:30,37.95,,12256050
2025-09-05 11:02:31.701638+05:30,38.1,,12256050
2025-09-05 11:02:31.890317+05:30,38.1,,12256050
2025-09-05 11:02:32.391346+05:30,38.05,,12256050
2025-09-05 11:02:32.961165+05:30,38.0,,12256050
2025-09-05 11:02:33.420526+05:30,38.0,,12256050
2025-09-05 11:02:33.940104+05:30,38.0,,12256050
2025-09-05 11:02:34.417871+05:30,37.85,,12256050
2025-09-05 11:02:34.931109+05:30,37.85,,12256050
2025-09-05 11:02:35.390642+05:30,37.6,,12256050
2025-09-05 11:02:35.945791+05:30,37.75,,12256050
2025-09-05 11:02:36.386546+05:30,37.6,,12256050
2025-09-05 11:02:36.689673+05:30,37.6,,12256050
2025-09-05 11:02:36.905821+05:30,37.6,,12256050
2025-09-05 11:02:37.390259+05:30,37.7,,12256050
2025-09-05 11:02:37.891882+05:30,37.6,,12256050
2025-09-05 11:02:38.413447+05:30,37.6,,12256050
2025-09-05 11:02:39.025571+05:30,37.7,,12256050
2025-09-05 11:02:39.169163+05:30,37.7,,12256050
2025-09-05 11:02:40.177097+05:30,37.2,,12256050
2025-09-05 11:02:40.663186+05:30,37.25,,12256050
2025-09-05 11:02:40.908329+05:30,37.3,,12256050
2025-09-05 11:02:41.230648+05:30,37.3,,12256050
2025-09-05 11:02:41.645074+05:30,37.4,,12256050
2025-09-05 11:02:41.933512+05:30,37.45,,12256050
2025-09-05 11:02:42.159886+05:30,37.4,,12256050
2025-09-05 11:02:42.894326+05:30,37.7,,12256050
2025-09-05 11:02:43.414023+05:30,37.75,,12256050
2025-09-05 11:02:43.952203+05:30,37.55,,12256050
2025-09-05 11:02:44.456134+05:30,37.5,,12256050
2025-09-05 11:02:44.929440+05:30,37.6,,12256050
2025-09-05 11:02:45.206772+05:30,37.6,,12256050
2025-09-05 11:02:45.424100+05:30,37.6,,12256050
2025-09-05 11:02:45.892131+05:30,37.55,,12256050
2025-09-05 11:02:46.458830+05:30,37.55,,12256050
2025-09-05 11:02:46.640287+05:30,37.5,,12256050
2025-09-05 11:02:46.919112+05:30,37.45,,12256050
2025-09-05 11:02:47.214450+05:30,37.35,,12256050
2025-09-05 11:02:47.932752+05:30,37.35,,12256050
2025-09-05 11:02:48.203787+05:30,37.3,,12256050
2025-09-05 11:02:48.982349+05:30,37.3,,12256050
2025-09-05 11:02:49.162771+05:30,37.45,,12256050
2025-09-05 11:02:49.891386+05:30,37.55,,12256050
2025-09-05 11:02:50.176601+05:30,37.6,,12256050
2025-09-05 11:02:50.658903+05:30,37.65,,12256050
2025-09-05 11:02:50.921674+05:30,37.55,,12256050
2025-09-05 11:02:51.497175+05:30,37.55,,12256050
2025-09-05 11:02:51.664165+05:30,37.45,,12256050
2025-09-05 11:02:51.980736+05:30,37.45,,12256050
2025-09-05 11:02:52.235137+05:30,37.5,,12256050
2025-09-05 11:02:52.935024+05:30,37.5,,12256050
2025-09-05 11:02:53.463593+05:30,37.7,,12256050
2025-09-05 11:02:53.963651+05:30,37.6,,12256050
2025-09-05 11:02:54.142216+05:30,37.55,,12256050
2025-09-05 11:02:54.972661+05:30,37.4,,12256050
2025-09-05 11:02:55.462219+05:30,37.35,,12256050
2025-09-05 11:02:55.649904+05:30,37.25,,12256050
2025-09-05 11:02:55.949949+05:30,37.35,,12256050
2025-09-05 11:02:56.164660+05:30,37.5,,12256050
2025-09-05 11:02:56.656982+05:30,37.45,,12256050
2025-09-05 11:02:56.950099+05:30,37.5,,12256050
2025-09-05 11:02:57.407383+05:30,37.45,,12256050
2025-09-05 11:02:57.930584+05:30,37.45,,12256050
2025-09-05 11:02:58.434693+05:30,37.35,,12256050
2025-09-05 11:02:58.928554+05:30,37.3,,12256050
2025-09-05 11:02:59.167150+05:30,37.35,,12256050
2025-09-05 11:02:59.959110+05:30,37.3,,12256050
2025-09-05 11:03:00.176364+05:30,37.2,,12256050
2025-09-05 11:03:00.396310+05:30,37.25,,12256050
2025-09-05 11:03:00.885499+05:30,37.25,,12256050
2025-09-05 11:03:01.390295+05:30,37.25,,12256050
2025-09-05 11:03:01.640041+05:30,37.15,,12256050
2025-09-05 11:03:01.890304+05:30,37.35,,12256050
2025-09-05 11:03:02.390087+05:30,37.3,,12256050
2025-09-05 11:03:02.977527+05:30,37.2,,12256050
2025-09-05 11:03:03.439853+05:30,37.4,,12256050
2025-09-05 11:03:03.890574+05:30,37.2,,12256050
2025-09-05 11:03:04.140323+05:30,37.15,,12256050
2025-09-05 11:03:04.939183+05:30,37.4,,12256050
2025-09-05 11:03:05.410598+05:30,37.3,,12256050
2025-09-05 11:03:05.674249+05:30,37.35,,12256050
2025-09-05 11:03:05.912521+05:30,37.3,,12256050
2025-09-05 11:03:06.467355+05:30,37.25,,12256050
2025-09-05 11:03:06.983369+05:30,37.25,,12256050
2025-09-05 11:03:07.415455+05:30,37.25,,12256050
2025-09-05 11:03:07.890255+05:30,37.3,,12256050
2025-09-05 11:03:08.437845+05:30,37.3,,12256050
2025-09-05 11:03:08.891624+05:30,37.15,,12256050
2025-09-05 11:03:09.153577+05:30,37.2,,12256050
2025-09-05 11:03:09.961698+05:30,37.25,,12256050
2025-09-05 11:03:10.136727+05:30,37.35,,12256050
2025-09-05 11:03:10.640150+05:30,37.55,,12256050
2025-09-05 11:03:10.956452+05:30,37.4,,12256050
2025-09-05 11:03:11.226505+05:30,37.5,,12256050
2025-09-05 11:03:11.890657+05:30,37.5,,12256050
2025-09-05 11:03:12.456534+05:30,37.4,,12256050
2025-09-05 11:03:12.945399+05:30,37.15,,12256050
2025-09-05 11:03:13.417144+05:30,36.85,,12256050
2025-09-05 11:03:13.983553+05:30,37.1,,12256050
2025-09-05 11:03:14.217515+05:30,37.1,,12256050
2025-09-05 11:03:14.890226+05:30,37.05,,12256050
2025-09-05 11:03:15.196635+05:30,37.05,,12256050
2025-09-05 11:03:15.407535+05:30,37.15,,12256050
2025-09-05 11:03:15.659911+05:30,37.1,,12256050
2025-09-05 11:03:15.906678+05:30,37.2,,12256050
2025-09-05 11:03:16.143140+05:30,37.2,,12256050
2025-09-05 11:03:16.940704+05:30,37.15,,12256050
2025-09-05 11:03:17.140563+05:30,37.25,,12256050
2025-09-05 11:03:17.938914+05:30,37.25,,12256050
2025-09-05 11:03:18.160364+05:30,37.3,,12256050
2025-09-05 11:03:18.963044+05:30,37.2,,12256050
2025-09-05 11:03:19.417962+05:30,37.2,,12256050
2025-09-05 11:03:19.967272+05:30,37.15,,12256050
2025-09-05 11:03:20.141341+05:30,37.2,,12256050
2025-09-05 11:03:20.682057+05:30,37.15,,12256050
2025-09-05 11:03:20.890722+05:30,37.05,,12256050
2025-09-05 11:03:21.449700+05:30,37.2,,12256050
2025-09-05 11:03:21.945663+05:30,36.95,,12256050
2025-09-05 11:03:22.412942+05:30,36.95,,12256050
2025-09-05 11:03:23.232331+05:30,37.0,,12256050
2025-09-05 11:03:23.438262+05:30,37.05,,12256050
2025-09-05 11:03:24.172949+05:30,37.05,,12256050
2025-09-05 11:03:25.168390+05:30,37.05,,12256050
2025-09-05 11:03:25.660285+05:30,37.1,,12256050
2025-09-05 11:03:26.140084+05:30,37.1,,12256050
2025-09-05 11:03:26.890038+05:30,37.05,,12256050
2025-09-05 11:03:27.438598+05:30,37.05,,12256050
2025-09-05 11:03:28.267378+05:30,37.1,,12256050
2025-09-05 11:03:28.385682+05:30,37.1,,12256050
2025-09-05 11:03:29.198165+05:30,36.8,,12256050
2025-09-05 11:03:30.174801+05:30,36.7,,12256050
2025-09-05 11:03:30.456302+05:30,36.75,,12256050
2025-09-05 11:03:30.665308+05:30,36.8,,12256050
2025-09-05 11:03:31.220510+05:30,36.75,,12256050
2025-09-05 11:03:31.930237+05:30,36.65,,12256050
2025-09-05 11:03:32.209845+05:30,36.65,,12256050
2025-09-05 11:03:32.402694+05:30,36.7,,12256050
2025-09-05 11:03:33.185906+05:30,36.65,,12256050
2025-09-05 11:03:33.451796+05:30,36.65,,12256050
2025-09-05 11:03:34.190077+05:30,36.5,,12256050
2025-09-05 11:03:35.221887+05:30,36.6,,12256050
2025-09-05 11:03:35.656850+05:30,36.6,,12256050
2025-09-05 11:03:36.224835+05:30,36.45,,12256050
2025-09-05 11:03:36.679470+05:30,36.4,,12256050
2025-09-05 11:03:37.135045+05:30,36.35,,12256050
2025-09-05 11:03:37.390052+05:30,36.3,,12256050
2025-09-05 11:03:38.182262+05:30,36.3,,12256050
2025-09-05 11:03:38.442128+05:30,36.3,,12256050
2025-09-05 11:03:39.174476+05:30,36.2,,12307575
2025-09-05 11:03:40.217228+05:30,36.05,,12307575
2025-09-05 11:03:40.419083+05:30,36.1,,12307575
2025-09-05 11:03:40.635448+05:30,36.1,,12307575
2025-09-05 11:03:41.218414+05:30,36.4,,12307575
2025-09-05 11:03:41.696224+05:30,36.5,,12307575
2025-09-05 11:03:42.227044+05:30,36.75,,12307575
2025-09-05 11:03:43.166163+05:30,36.75,,12307575
2025-09-05 11:03:43.913984+05:30,36.55,,12307575
2025-09-05 11:03:44.143168+05:30,36.75,,12307575
2025-09-05 11:03:45.221170+05:30,36.9,,12307575
2025-09-05 11:03:45.451870+05:30,37.0,,12307575
2025-09-05 11:03:46.140906+05:30,36.8,,12307575
2025-09-05 11:03:46.400855+05:30,36.55,,12307575
2025-09-05 11:03:46.686226+05:30,36.55,,12307575
2025-09-05 11:03:47.208029+05:30,36.5,,12307575
2025-09-05 11:03:48.165143+05:30,36.35,,12307575
2025-09-05 11:03:48.903894+05:30,36.35,,12307575
2025-09-05 11:03:49.236070+05:30,36.35,,12307575
2025-09-05 11:03:49.420996+05:30,36.35,,12307575
2025-09-05 11:03:50.186692+05:30,36.3,,12307575
2025-09-05 11:03:50.483212+05:30,36.3,,12307575
2025-09-05 11:03:51.169445+05:30,36.3,,12307575
2025-09-05 11:03:51.453482+05:30,36.25,,12307575
2025-09-05 11:03:51.693206+05:30,36.3,,12307575
2025-09-05 11:03:52.212483+05:30,36.1,,12307575
2025-09-05 11:03:53.179264+05:30,35.95,,12307575
2025-09-05 11:03:53.435403+05:30,35.85,,12307575
2025-09-05 11:03:53.942738+05:30,35.65,,12307575
2025-09-05 11:03:54.234459+05:30,35.65,,12307575
2025-09-05 11:03:55.147374+05:30,35.8,,12307575
2025-09-05 11:03:55.389853+05:30,35.75,,12307575
2025-09-05 11:03:56.165621+05:30,35.85,,12307575
2025-09-05 11:03:56.391499+05:30,35.85,,12307575
2025-09-05 11:03:56.640536+05:30,36.0,,12307575
2025-09-05 11:03:57.153274+05:30,36.05,,12307575
2025-09-05 11:03:58.196950+05:30,35.95,,12307575
2025-09-05 11:03:58.901626+05:30,36.15,,12307575
2025-09-05 11:03:59.148783+05:30,36.15,,12307575
2025-09-05 11:04:00.200655+05:30,36.35,,12307575
2025-09-05 11:04:00.389962+05:30,36.3,,12307575
2025-09-05 11:04:01.256686+05:30,36.25,,12307575
2025-09-05 11:04:01.949304+05:30,36.25,,12307575
2025-09-05 11:04:02.140033+05:30,36.45,,12307575
2025-09-05 11:04:03.194319+05:30,36.5,,12307575
2025-09-05 11:04:03.889847+05:30,36.55,,12307575
2025-09-05 11:04:04.179835+05:30,36.55,,12307575
2025-09-05 11:04:05.136354+05:30,36.8,,12307575
2025-09-05 11:04:05.424513+05:30,36.85,,12307575
2025-09-05 11:04:06.142572+05:30,36.8,,12307575
2025-09-05 11:04:06.389787+05:30,36.85,,12307575
2025-09-05 11:04:06.640751+05:30,36.85,,12307575
2025-09-05 11:04:07.201452+05:30,36.95,,12307575
2025-09-05 11:04:08.203737+05:30,37.05,,12307575
2025-09-05 11:04:08.942254+05:30,36.75,,12307575
2025-09-05 11:04:09.160863+05:30,36.85,,12307575
2025-09-05 11:04:09.447206+05:30,36.85,,12307575
2025-09-05 11:04:10.258292+05:30,37.1,,12307575
2025-09-05 11:04:10.448713+05:30,37.15,,12307575
2025-09-05 11:04:11.135064+05:30,37.15,,12307575
2025-09-05 11:04:11.403651+05:30,37.1,,12307575
2025-09-05 11:04:11.644568+05:30,37.1,,12307575
2025-09-05 11:04:12.224972+05:30,36.7,,12307575
2025-09-05 11:04:13.229410+05:30,36.75,,12307575
2025-09-05 11:04:13.934873+05:30,36.7,,12307575
2025-09-05 11:04:14.161802+05:30,36.8,,12307575
2025-09-05 11:04:14.938539+05:30,36.8,,12307575
2025-09-05 11:04:15.428531+05:30,37.0,,12307575
2025-09-05 11:04:16.231348+05:30,36.9,,12307575
2025-09-05 11:04:16.407310+05:30,37.0,,12307575
2025-09-05 11:04:16.667827+05:30,36.95,,12307575
2025-09-05 11:04:17.211115+05:30,37.05,,12307575
2025-09-05 11:04:17.419140+05:30,37.05,,12307575
2025-09-05 11:04:18.227736+05:30,37.25,,12307575
2025-09-05 11:04:18.912121+05:30,37.3,,12307575
2025-09-05 11:04:19.134992+05:30,37.2,,12307575
2025-09-05 11:04:19.915298+05:30,37.35,,12307575
2025-09-05 11:04:20.421599+05:30,37.25,,12307575
2025-09-05 11:04:21.135745+05:30,37.35,,12307575
2025-09-05 11:04:21.639631+05:30,37.35,,12307575
2025-09-05 11:04:22.217426+05:30,37.45,,12307575
2025-09-05 11:04:23.194182+05:30,37.6,,12307575
2025-09-05 11:04:23.956144+05:30,37.5,,12307575
2025-09-05 11:04:24.386154+05:30,37.6,,12307575
2025-09-05 11:04:24.946563+05:30,37.6,,12307575
2025-09-05 11:04:25.222574+05:30,37.65,,12307575
2025-09-05 11:04:25.645260+05:30,37.8,,12307575
2025-09-05 11:04:26.200476+05:30,37.85,,12307575
2025-09-05 11:04:26.639730+05:30,37.8,,12307575
2025-09-05 11:04:27.169296+05:30,37.85,,12307575
2025-09-05 11:04:28.139765+05:30,37.9,,12307575
2025-09-05 11:04:28.657163+05:30,37.95,,12307575
2025-09-05 11:04:29.180820+05:30,37.9,,12307575
2025-09-05 11:04:29.933902+05:30,37.95,,12307575
2025-09-05 11:04:30.236832+05:30,38.0,,12307575
2025-09-05 11:04:30.409770+05:30,38.0,,12307575
2025-09-05 11:04:31.472260+05:30,41.15,,12307575
2025-09-05 11:04:31.668514+05:30,40.8,,12307575
2025-09-05 11:04:32.201215+05:30,40.65,,12307575
2025-09-05 11:04:33.179306+05:30,40.8,,12307575
2025-09-05 11:04:33.637407+05:30,40.7,,12307575
2025-09-05 11:04:34.227598+05:30,40.6,,12307575
2025-09-05 11:04:34.426863+05:30,40.5,,12307575
2025-09-05 11:04:34.948606+05:30,40.55,,12307575
2025-09-05 11:04:35.216792+05:30,40.5,,12307575
2025-09-05 11:04:35.398358+05:30,40.3,,12307575
2025-09-05 11:04:36.139768+05:30,40.1,,12307575
2025-09-05 11:04:36.408323+05:30,39.85,,12307575
2025-09-05 11:04:36.640693+05:30,40.05,,12307575
2025-09-05 11:04:37.208348+05:30,40.05,,12307575
2025-09-05 11:04:38.180289+05:30,40.15,,12307575
2025-09-05 11:04:38.442189+05:30,40.25,,12307575
2025-09-05 11:04:38.673191+05:30,39.95,,12307575
2025-09-05 11:04:39.204595+05:30,40.1,,12307575
2025-09-05 11:04:39.479993+05:30,39.9,,12307575
2025-09-05 11:04:39.885547+05:30,39.8,,12307575
2025-09-05 11:04:40.433387+05:30,40.0,,12307575
2025-09-05 11:04:41.207304+05:30,39.85,,12307575
2025-09-05 11:04:41.444282+05:30,40.1,,12307575
2025-09-05 11:04:41.654324+05:30,40.1,,12307575
2025-09-05 11:04:42.162302+05:30,40.05,,12307575
2025-09-05 11:04:42.441254+05:30,40.05,,12307575
2025-09-05 11:04:43.224495+05:30,40.25,,12307575
2025-09-05 11:04:43.662494+05:30,39.9,,12307575
2025-09-05 11:04:44.141141+05:30,40.2,,12307575
2025-09-05 11:04:44.416605+05:30,40.25,,12307575
2025-09-05 11:04:44.937665+05:30,40.05,,12307575
2025-09-05 11:04:45.222779+05:30,40.0,,12307575
2025-09-05 11:04:45.419800+05:30,39.6,,12307575
2025-09-05 11:04:46.228103+05:30,39.85,,12307575
2025-09-05 11:04:46.639487+05:30,39.7,,12307575
2025-09-05 11:04:47.152120+05:30,39.65,,12307575
2025-09-05 11:04:48.210709+05:30,39.9,,12307575
2025-09-05 11:04:48.435089+05:30,39.9,,12307575
2025-09-05 11:04:48.663434+05:30,39.7,,12307575
2025-09-05 11:04:49.140241+05:30,40.15,,12307575
2025-09-05 11:04:49.974421+05:30,40.15,,12307575
2025-09-05 11:04:50.200987+05:30,40.15,,12307575
2025-09-05 11:04:50.413728+05:30,40.1,,12307575
2025-09-05 11:04:51.163204+05:30,40.25,,12307575
2025-09-05 11:04:51.661889+05:30,40.35,,12307575
2025-09-05 11:04:52.190099+05:30,40.2,,12307575
2025-09-05 11:04:52.445568+05:30,40.2,,12307575
2025-09-05 11:04:53.161719+05:30,40.4,,12307575
2025-09-05 11:04:53.402271+05:30,40.5,,12307575
2025-09-05 11:04:53.916479+05:30,40.5,,12307575
2025-09-05 11:04:54.214069+05:30,40.55,,12307575
2025-09-05 11:04:54.384505+05:30,40.55,,12307575
2025-09-05 11:04:54.944137+05:30,40.5,,12307575
2025-09-05 11:04:55.195230+05:30,40.5,,12307575
2025-09-05 11:04:55.428409+05:30,40.65,,12307575
2025-09-05 11:04:56.139598+05:30,40.4,,12307575
2025-09-05 11:04:56.445596+05:30,40.45,,12307575
2025-09-05 11:04:56.656640+05:30,40.4,,12307575
2025-09-05 11:04:57.211546+05:30,40.4,,12307575
2025-09-05 11:04:57.394366+05:30,40.45,,12307575
2025-09-05 11:04:58.152347+05:30,40.4,,12307575
2025-09-05 11:04:58.394934+05:30,40.4,,12307575
2025-09-05 11:04:58.639584+05:30,40.65,,12307575
2025-09-05 11:04:59.231217+05:30,40.9,,12307575
2025-09-05 11:04:59.949227+05:30,41.5,,12307575
2025-09-05 11:05:00.411629+05:30,41.65,,12307575
2025-09-05 11:05:00.705976+05:30,41.35,,12307575
2025-09-05 11:05:01.265279+05:30,41.3,,12307575
2025-09-05 11:05:01.413639+05:30,41.1,,12307575
2025-09-05 11:05:01.662127+05:30,41.0,,12307575
2025-09-05 11:05:02.221523+05:30,41.2,,12307575
2025-09-05 11:05:03.277473+05:30,41.2,,12307575
2025-09-05 11:05:03.389910+05:30,41.0,,12307575
2025-09-05 11:05:03.917260+05:30,41.3,,12307575
2025-09-05 11:05:04.135556+05:30,41.55,,12307575
2025-09-05 11:05:04.408634+05:30,41.6,,12307575
2025-09-05 11:05:04.955580+05:30,41.6,,12307575
2025-09-05 11:05:05.441092+05:30,41.8,,12307575
2025-09-05 11:05:05.640404+05:30,41.7,,12307575
2025-09-05 11:05:06.191156+05:30,41.85,,12307575
2025-09-05 11:05:06.659223+05:30,41.9,,12307575
2025-09-05 11:05:07.271894+05:30,41.8,,12307575
2025-09-05 11:05:08.134997+05:30,41.5,,12307575
2025-09-05 11:05:08.391571+05:30,41.4,,12307575
2025-09-05 11:05:08.943817+05:30,41.3,,12307575
2025-09-05 11:05:09.145579+05:30,40.95,,12307575
2025-09-05 11:05:10.139887+05:30,41.45,,12307575
2025-09-05 11:05:10.413573+05:30,41.6,,12307575
2025-09-05 11:05:10.656187+05:30,41.75,,12307575
2025-09-05 11:05:11.182519+05:30,41.85,,12307575
2025-09-05 11:05:11.913767+05:30,42.15,,12307575
2025-09-05 11:05:12.226682+05:30,42.1,,12307575
2025-09-05 11:05:12.433000+05:30,42.0,,12307575
2025-09-05 11:05:13.223206+05:30,42.2,,12307575
2025-09-05 11:05:13.402579+05:30,42.3,,12307575
2025-09-05 11:05:13.889429+05:30,42.35,,12307575
2025-09-05 11:05:14.186481+05:30,42.3,,12307575
2025-09-05 11:05:15.205492+05:30,42.4,,12307575
2025-09-05 11:05:15.639882+05:30,42.35,,12307575
2025-09-05 11:05:16.188517+05:30,42.3,,12307575
2025-09-05 11:05:16.644487+05:30,42.45,,12307575
2025-09-05 11:05:17.161368+05:30,42.45,,12307575
2025-09-05 11:05:17.389482+05:30,41.95,,12307575
2025-09-05 11:05:18.139366+05:30,41.35,,12307575
2025-09-05 11:05:18.391755+05:30,41.4,,12307575
2025-09-05 11:05:18.959696+05:30,41.1,,12307575
2025-09-05 11:05:19.140271+05:30,41.2,,12307575
2025-09-05 11:05:19.483332+05:30,41.35,,12307575
2025-09-05 11:05:20.172064+05:30,41.2,,12307575
2025-09-05 11:05:20.429173+05:30,41.2,,12307575
2025-09-05 11:05:21.225894+05:30,41.1,,12307575
2025-09-05 11:05:21.422391+05:30,40.9,,12307575
2025-09-05 11:05:21.639413+05:30,40.85,,12307575
2025-09-05 11:05:22.224833+05:30,40.8,,12307575
2025-09-05 11:05:23.184860+05:30,40.7,,12307575
2025-09-05 11:05:23.389360+05:30,40.4,,12307575
2025-09-05 11:05:23.939728+05:30,40.7,,12307575
2025-09-05 11:05:24.189068+05:30,40.7,,12307575
2025-09-05 11:05:25.139801+05:30,40.8,,12307575
2025-09-05 11:05:25.387163+05:30,40.85,,12307575
2025-09-05 11:05:26.265114+05:30,40.85,,12307575
2025-09-05 11:05:26.634128+05:30,40.7,,12307575
2025-09-05 11:05:27.177114+05:30,40.75,,12307575
2025-09-05 11:05:27.395963+05:30,40.8,,12307575
2025-09-05 11:05:28.189287+05:30,40.7,,12307575
2025-09-05 11:05:28.406952+05:30,40.75,,12307575
2025-09-05 11:05:28.884900+05:30,40.65,,12307575
2025-09-05 11:05:29.154985+05:30,40.7,,12307575
2025-09-05 11:05:30.185027+05:30,40.6,,12307575
2025-09-05 11:05:30.639659+05:30,40.6,,12307575
2025-09-05 11:05:31.219503+05:30,40.4,,12307575
2025-09-05 11:05:31.402908+05:30,40.4,,12307575
2025-09-05 11:05:31.640096+05:30,40.5,,12307575
2025-09-05 11:05:32.211152+05:30,40.5,,12307575
2025-09-05 11:05:33.184997+05:30,40.5,,12307575
2025-09-05 11:05:33.416863+05:30,40.5,,12307575
2025-09-05 11:05:33.639138+05:30,40.7,,12307575
2025-09-05 11:05:34.164360+05:30,40.6,,12307575
2025-09-05 11:05:34.492685+05:30,40.65,,12307575
2025-09-05 11:05:35.185167+05:30,40.7,,12307575
2025-09-05 11:05:35.395407+05:30,40.75,,12307575
2025-09-05 11:05:36.260984+05:30,40.7,,12307575
2025-09-05 11:05:36.412392+05:30,40.7,,12307575
2025-09-05 11:05:36.666033+05:30,40.8,,12307575
2025-09-05 11:05:37.264874+05:30,40.6,,12307575
2025-09-05 11:05:37.438309+05:30,40.65,,12307575
2025-09-05 11:05:38.139272+05:30,40.55,,12307575
2025-09-05 11:05:38.406941+05:30,40.7,,12307575
2025-09-05 11:05:39.139285+05:30,40.65,,12307575
2025-09-05 11:05:40.211900+05:30,40.75,,12307575
2025-09-05 11:05:40.389269+05:30,40.7,,12307575
2025-09-05 11:05:41.214347+05:30,40.6,,12307575
2025-09-05 11:05:41.389134+05:30,40.5,,12307575
2025-09-05 11:05:41.655922+05:30,40.3,,12307575
2025-09-05 11:05:42.139423+05:30,40.4,,12307575
2025-09-05 11:05:43.164295+05:30,40.2,,12307575
2025-09-05 11:05:43.430793+05:30,40.15,,12307575
2025-09-05 11:05:44.264655+05:30,40.1,,12307575
2025-09-05 11:05:44.426163+05:30,39.95,,12307575
2025-09-05 11:05:45.147397+05:30,40.05,,12307575
2025-09-05 11:05:45.421741+05:30,40.1,,12307575
2025-09-05 11:05:46.175129+05:30,40.05,,12307575
2025-09-05 11:05:46.428102+05:30,40.0,,12307575
2025-09-05 11:05:46.639100+05:30,39.95,,12307575
2025-09-05 11:05:47.176595+05:30,40.3,,12307575
2025-09-05 11:05:47.389209+05:30,40.4,,12307575
2025-09-05 11:05:48.161227+05:30,40.35,,12307575
2025-09-05 11:05:48.418995+05:30,40.45,,12307575
2025-09-05 11:05:48.650665+05:30,40.35,,12307575
2025-09-05 11:05:49.161725+05:30,40.35,,12307575
2025-09-05 11:05:49.414344+05:30,40.2,,12307575
2025-09-05 11:05:50.234414+05:30,40.1,,12307575
2025-09-05 11:05:50.431308+05:30,40.0,,12307575
2025-09-05 11:05:51.213668+05:30,39.8,,12307575
2025-09-05 11:05:51.419458+05:30,39.85,,12307575
2025-09-05 11:05:51.663618+05:30,39.8,,12307575
2025-09-05 11:05:52.202003+05:30,39.7,,12307575
2025-09-05 11:05:53.179343+05:30,39.7,,12307575
2025-09-05 11:05:53.389073+05:30,39.7,,12307575
2025-09-05 11:05:53.657514+05:30,39.6,,12307575
2025-09-05 11:05:54.227702+05:30,39.6,,12307575
2025-09-05 11:05:54.966351+05:30,39.45,,12307575
2025-09-05 11:05:55.195756+05:30,39.4,,12307575
2025-09-05 11:05:56.174288+05:30,39.75,,12307575
2025-09-05 11:05:56.639292+05:30,39.5,,12307575
2025-09-05 11:05:57.139292+05:30,39.55,,12307575
2025-09-05 11:05:57.416950+05:30,39.55,,12307575
2025-09-05 11:05:58.176054+05:30,39.45,,12307575
2025-09-05 11:05:58.385565+05:30,39.4,,12307575
2025-09-05 11:05:58.661236+05:30,39.5,,12307575
2025-09-05 11:05:59.281812+05:30,39.55,,12307575
2025-09-05 11:05:59.955671+05:30,39.7,,12307575
2025-09-05 11:06:00.224265+05:30,39.8,,12307575
2025-09-05 11:06:00.472616+05:30,39.75,,12307575
2025-09-05 11:06:00.683118+05:30,39.75,,12307575
2025-09-05 11:06:01.203874+05:30,39.95,,12307575
2025-09-05 11:06:01.660758+05:30,39.9,,12307575
2025-09-05 11:06:01.930694+05:30,40.0,,12307575
2025-09-05 11:06:02.428394+05:30,40.1,,12307575
2025-09-05 11:06:03.159470+05:30,39.95,,12307575
2025-09-05 11:06:03.389183+05:30,39.95,,12307575
2025-09-05 11:06:03.666163+05:30,40.0,,12307575
2025-09-05 11:06:04.139153+05:30,40.05,,12307575
2025-09-05 11:06:04.407630+05:30,40.0,,12307575
2025-09-05 11:06:04.889366+05:30,39.9,,12307575
2025-09-05 11:06:05.204072+05:30,39.85,,12307575
2025-09-05 11:06:05.428121+05:30,40.1,,12307575
2025-09-05 11:06:06.216149+05:30,40.1,,12307575
2025-09-05 11:06:06.410882+05:30,40.05,,12307575
2025-09-05 11:06:06.641244+05:30,39.95,,12307575
2025-09-05 11:06:06.911119+05:30,39.9,,12307575
2025-09-05 11:06:07.135688+05:30,39.85,,12307575
2025-09-05 11:06:07.439140+05:30,39.95,,12307575
2025-09-05 11:06:08.169544+05:30,39.65,,12307575
2025-09-05 11:06:08.384437+05:30,39.65,,12307575
2025-09-05 11:06:08.684058+05:30,39.7,,12307575
2025-09-05 11:06:09.199830+05:30,39.55,,12307575
2025-09-05 11:06:09.922119+05:30,39.5,,12307575
2025-09-05 11:06:10.167967+05:30,39.55,,12307575
2025-09-05 11:06:10.459163+05:30,39.55,,12307575
2025-09-05 11:06:11.139492+05:30,39.55,,12307575
2025-09-05 11:06:11.427164+05:30,39.6,,12307575
2025-09-05 11:06:11.640394+05:30,39.7,,12307575
2025-09-05 11:06:11.910911+05:30,39.8,,12307575
2025-09-05 11:06:12.453807+05:30,39.9,,12307575
2025-09-05 11:06:13.207619+05:30,40.0,,12307575
2025-09-05 11:06:13.407779+05:30,40.05,,12307575
2025-09-05 11:06:13.634224+05:30,40.0,,12307575
2025-09-05 11:06:14.140144+05:30,40.0,,12307575
2025-09-05 11:06:14.889105+05:30,40.2,,12307575
2025-09-05 11:06:15.196277+05:30,40.25,,12307575
2025-09-05 11:06:15.451661+05:30,40.25,,12307575
2025-09-05 11:06:16.183477+05:30,40.3,,12307575
2025-09-05 11:06:16.414392+05:30,40.2,,12307575
2025-09-05 11:06:16.955305+05:30,40.1,,12307575
2025-09-05 11:06:17.232092+05:30,40.0,,12307575
2025-09-05 11:06:18.255294+05:30,40.05,,12307575
2025-09-05 11:06:18.450376+05:30,39.95,,12307575
2025-09-05 11:06:18.639935+05:30,39.9,,12307575
2025-09-05 11:06:19.139119+05:30,39.75,,12307575
2025-09-05 11:06:19.933317+05:30,39.9,,12307575
2025-09-05 11:06:20.234355+05:30,39.75,,12307575
2025-09-05 11:06:21.233155+05:30,39.9,,12307575
2025-09-05 11:06:21.638885+05:30,39.9,,12307575
2025-09-05 11:06:21.932546+05:30,40.0,,12307575
2025-09-05 11:06:22.417247+05:30,40.05,,12307575
2025-09-05 11:06:23.139092+05:30,39.9,,12307575
2025-09-05 11:06:23.389543+05:30,40.1,,12307575
2025-09-05 11:06:24.236266+05:30,40.15,,12307575
2025-09-05 11:06:24.945541+05:30,40.2,,12307575
2025-09-05 11:06:25.174253+05:30,40.4,,12307575
2025-09-05 11:06:26.140529+05:30,40.75,,12307575
2025-09-05 11:06:26.646209+05:30,40.75,,12307575
2025-09-05 11:06:26.982206+05:30,40.9,,12307575
2025-09-05 11:06:27.200178+05:30,41.1,,12307575
2025-09-05 11:06:27.443621+05:30,41.2,,12307575
2025-09-05 11:06:28.139029+05:30,41.2,,12307575
2025-09-05 11:06:28.389160+05:30,41.3,,12307575
2025-09-05 11:06:29.246189+05:30,41.35,,12307575
2025-09-05 11:06:29.449144+05:30,41.35,,12307575
2025-09-05 11:06:29.932211+05:30,41.45,,12307575
2025-09-05 11:06:30.193035+05:30,41.45,,12307575
2025-09-05 11:06:30.509786+05:30,41.55,,12307575
2025-09-05 11:06:31.218731+05:30,41.8,,12307575
2025-09-05 11:06:31.405862+05:30,41.75,,12307575
2025-09-05 11:06:31.935063+05:30,41.85,,12307575
2025-09-05 11:06:32.139043+05:30,42.0,,12307575
2025-09-05 11:06:33.252460+05:30,41.65,,12307575
2025-09-05 11:06:33.634213+05:30,41.4,,12307575
2025-09-05 11:06:34.187328+05:30,41.4,,12307575
2025-09-05 11:06:34.430140+05:30,41.5,,12307575
2025-09-05 11:06:34.889049+05:30,41.35,,12307575
2025-09-05 11:06:35.144101+05:30,41.45,,12307575
2025-09-05 11:06:36.194068+05:30,41.85,,12307575
2025-09-05 11:06:36.432328+05:30,41.75,,12307575
2025-09-05 11:06:36.917459+05:30,41.9,,12307575
2025-09-05 11:06:37.189204+05:30,41.75,,12307575
2025-09-05 11:06:38.184853+05:30,41.25,,12307575
2025-09-05 11:06:38.472640+05:30,41.25,,12307575
2025-09-05 11:06:39.206529+05:30,41.35,,12307575
2025-09-05 11:06:39.455425+05:30,41.45,,12376950
2025-09-05 11:06:39.920895+05:30,41.1,,12376950
2025-09-05 11:06:40.139080+05:30,41.1,,12376950
2025-09-05 11:06:40.394115+05:30,41.25,,12376950
2025-09-05 11:06:41.155064+05:30,41.35,,12376950
2025-09-05 11:06:41.442747+05:30,41.25,,12376950
2025-09-05 11:06:42.007381+05:30,41.2,,12376950
2025-09-05 11:06:42.245593+05:30,41.2,,12376950
2025-09-05 11:06:42.409117+05:30,40.9,,12376950
2025-09-05 11:06:43.162792+05:30,40.9,,12376950
2025-09-05 11:06:43.452354+05:30,41.0,,12376950
2025-09-05 11:06:43.633858+05:30,41.0,,12376950
2025-09-05 11:06:44.162834+05:30,41.2,,12376950
2025-09-05 11:06:44.437497+05:30,41.1,,12376950
2025-09-05 11:06:44.948941+05:30,40.8,,12376950
2025-09-05 11:06:45.149590+05:30,40.95,,12376950
2025-09-05 11:06:45.388908+05:30,40.95,,12376950
2025-09-05 11:06:46.151160+05:30,40.8,,12376950
2025-09-05 11:06:46.388836+05:30,40.85,,12376950
2025-09-05 11:06:46.950165+05:30,40.95,,12376950
2025-09-05 11:06:47.150670+05:30,40.85,,12376950
2025-09-05 11:06:47.396318+05:30,40.95,,12376950
2025-09-05 11:06:48.200260+05:30,40.55,,12376950
2025-09-05 11:06:48.650611+05:30,40.45,,12376950
2025-09-05 11:06:49.181057+05:30,40.45,,12376950
2025-09-05 11:06:49.411365+05:30,40.45,,12376950
2025-09-05 11:06:49.888937+05:30,40.6,,12376950
2025-09-05 11:06:50.209457+05:30,40.6,,12376950
2025-09-05 11:06:51.223184+05:30,40.6,,12376950
2025-09-05 11:06:51.427081+05:30,40.65,,12376950
2025-09-05 11:06:51.957659+05:30,40.7,,12376950
2025-09-05 11:06:52.155807+05:30,40.7,,12376950
2025-09-05 11:06:52.405633+05:30,40.7,,12376950
2025-09-05 11:06:53.198376+05:30,40.85,,12376950
2025-09-05 11:06:53.660671+05:30,40.85,,12376950
2025-09-05 11:06:54.161901+05:30,40.95,,12376950
2025-09-05 11:06:54.922873+05:30,40.9,,12376950
2025-09-05 11:06:55.227671+05:30,41.05,,12376950
2025-09-05 11:06:55.435269+05:30,41.05,,12376950
2025-09-05 11:06:56.199774+05:30,41.0,,12376950
2025-09-05 11:06:56.401251+05:30,41.0,,12376950
2025-09-05 11:06:56.888893+05:30,40.8,,12376950
2025-09-05 11:06:57.167882+05:30,40.85,,12376950
2025-09-05 11:06:57.385425+05:30,40.75,,12376950
2025-09-05 11:06:58.182699+05:30,40.75,,12376950
2025-09-05 11:06:58.389594+05:30,40.85,,12376950
2025-09-05 11:06:59.199460+05:30,40.8,,12376950
2025-09-05 11:06:59.384592+05:30,40.8,,12376950
2025-09-05 11:06:59.660981+05:30,40.65,,12376950
2025-09-05 11:07:00.173286+05:30,40.45,,12376950
2025-09-05 11:07:00.673153+05:30,40.45,,12376950
2025-09-05 11:07:01.138699+05:30,40.35,,12376950
2025-09-05 11:07:01.691559+05:30,40.3,,12376950
2025-09-05 11:07:01.901463+05:30,40.65,,12376950
2025-09-05 11:07:02.217295+05:30,40.55,,12376950
2025-09-05 11:07:02.468759+05:30,40.6,,12376950
2025-09-05 11:07:03.202396+05:30,40.5,,12376950
2025-09-05 11:07:03.436925+05:30,40.45,,12376950
2025-09-05 11:07:04.183515+05:30,40.45,,12376950
2025-09-05 11:07:04.427844+05:30,40.55,,12376950
2025-09-05 11:07:04.733146+05:30,40.65,,12376950
2025-09-05 11:07:05.231564+05:30,40.8,,12376950
2025-09-05 11:07:05.441328+05:30,40.8,,12376950
2025-09-05 11:07:06.196849+05:30,40.75,,12376950
2025-09-05 11:07:06.388995+05:30,40.7,,12376950
2025-09-05 11:07:06.696191+05:30,40.8,,12376950
2025-09-05 11:07:07.168142+05:30,40.75,,12376950
2025-09-05 11:07:08.161260+05:30,40.75,,12376950
2025-09-05 11:07:08.388613+05:30,40.95,,12376950
2025-09-05 11:07:09.138750+05:30,40.9,,12376950
2025-09-05 11:07:09.431653+05:30,40.9,,12376950
2025-09-05 11:07:09.759388+05:30,40.9,,12376950
2025-09-05 11:07:10.138728+05:30,41.1,,12376950
2025-09-05 11:07:11.177563+05:30,41.0,,12376950
2025-09-05 11:07:11.471624+05:30,41.05,,12376950
2025-09-05 11:07:11.665632+05:30,41.05,,12376950
2025-09-05 11:07:12.154691+05:30,40.9,,12376950
2025-09-05 11:07:12.438236+05:30,41.0,,12376950
2025-09-05 11:07:13.138758+05:30,41.0,,12376950
2025-09-05 11:07:13.427299+05:30,41.0,,12376950
2025-09-05 11:07:14.167257+05:30,41.35,,12376950
2025-09-05 11:07:14.889551+05:30,41.3,,12376950
2025-09-05 11:07:15.185448+05:30,41.35,,12376950
2025-09-05 11:07:16.143924+05:30,41.45,,12376950
2025-09-05 11:07:16.416117+05:30,41.5,,12376950
2025-09-05 11:07:16.635467+05:30,41.45,,12376950
2025-09-05 11:07:17.213288+05:30,41.5,,12376950
2025-09-05 11:07:18.205894+05:30,41.45,,12376950
2025-09-05 11:07:19.185937+05:30,41.7,,12376950
2025-09-05 11:07:19.388801+05:30,41.7,,12376950
2025-09-05 11:07:19.888614+05:30,41.6,,12376950
2025-09-05 11:07:20.177625+05:30,41.55,,12376950
2025-09-05 11:07:20.422233+05:30,41.55,,12376950
2025-09-05 11:07:21.232284+05:30,41.6,,12376950
2025-09-05 11:07:21.492070+05:30,41.7,,12376950
2025-09-05 11:07:21.964978+05:30,41.45,,12376950
2025-09-05 11:07:22.187284+05:30,41.25,,12376950
2025-09-05 11:07:23.217469+05:30,41.1,,12376950
2025-09-05 11:07:24.191214+05:30,41.05,,12376950
2025-09-05 11:07:24.971703+05:30,41.05,,12376950
2025-09-05 11:07:25.188794+05:30,40.95,,12376950
2025-09-05 11:07:25.439661+05:30,41.05,,12376950
2025-09-05 11:07:26.210876+05:30,40.9,,12376950
2025-09-05 11:07:26.427177+05:30,40.95,,12376950
2025-09-05 11:07:26.943630+05:30,40.9,,12376950
2025-09-05 11:07:27.210413+05:30,40.9,,12376950
2025-09-05 11:07:28.201747+05:30,41.35,,12376950
2025-09-05 11:07:29.226364+05:30,41.0,,12376950
2025-09-05 11:07:29.407094+05:30,41.05,,12376950
2025-09-05 11:07:29.932264+05:30,41.2,,12376950
2025-09-05 11:07:30.208448+05:30,41.3,,12376950
2025-09-05 11:07:30.388934+05:30,41.3,,12376950
2025-09-05 11:07:30.655032+05:30,41.3,,12376950
2025-09-05 11:07:31.152374+05:30,41.15,,12376950
2025-09-05 11:07:31.416389+05:30,40.85,,12376950
2025-09-05 11:07:31.911578+05:30,40.55,,12376950
2025-09-05 11:07:32.178851+05:30,40.4,,12376950
2025-09-05 11:07:32.388699+05:30,40.55,,12376950
2025-09-05 11:07:33.162088+05:30,40.3,,12376950
2025-09-05 11:07:33.444844+05:30,40.3,,12376950
2025-09-05 11:07:34.245578+05:30,40.25,,12376950
2025-09-05 11:07:34.476041+05:30,40.1,,12376950
2025-09-05 11:07:34.911491+05:30,39.9,,12376950
2025-09-05 11:07:35.153858+05:30,39.8,,12376950
2025-09-05 11:07:35.460752+05:30,39.75,,12376950
2025-09-05 11:07:36.212405+05:30,40.1,,12376950
2025-09-05 11:07:36.407214+05:30,40.15,,12376950
2025-09-05 11:07:36.889536+05:30,40.15,,12376950
2025-09-05 11:07:37.182259+05:30,40.3,,12376950
2025-09-05 11:07:38.174282+05:30,40.25,,12376950
2025-09-05 11:07:38.388595+05:30,40.35,,12376950
2025-09-05 11:07:39.183558+05:30,40.35,,12376950
2025-09-05 11:07:39.418042+05:30,40.5,,12376950
2025-09-05 11:07:39.943939+05:30,40.55,,12376950
2025-09-05 11:07:40.134720+05:30,40.75,,12376950
2025-09-05 11:07:41.177970+05:30,40.45,,12376950
2025-09-05 11:07:41.429376+05:30,40.6,,12376950
2025-09-05 11:07:41.943148+05:30,40.4,,12376950
2025-09-05 11:07:42.138750+05:30,40.4,,12376950
2025-09-05 11:07:42.439661+05:30,40.4,,12376950
2025-09-05 11:07:43.188140+05:30,40.55,,12376950
2025-09-05 11:07:43.482385+05:30,40.5,,12376950
2025-09-05 11:07:44.150707+05:30,40.4,,12376950
2025-09-05 11:07:44.388587+05:30,40.4,,12376950
2025-09-05 11:07:44.889320+05:30,40.3,,12376950
2025-09-05 11:07:45.164490+05:30,40.45,,12376950
2025-09-05 11:07:45.459972+05:30,40.45,,12376950
2025-09-05 11:07:46.176346+05:30,40.5,,12376950
2025-09-05 11:07:46.464600+05:30,40.5,,12376950
2025-09-05 11:07:46.942936+05:30,40.5,,12376950
2025-09-05 11:07:47.138608+05:30,40.5,,12376950
2025-09-05 11:07:47.408575+05:30,40.5,,12376950
2025-09-05 11:07:48.184776+05:30,40.55,,12376950
2025-09-05 11:07:48.390929+05:30,40.45,,12376950
2025-09-05 11:07:49.213750+05:30,40.35,,12376950
2025-09-05 11:07:49.888648+05:30,40.3,,12376950
2025-09-05 11:07:50.169534+05:30,40.15,,12376950
2025-09-05 11:07:51.196068+05:30,40.0,,12376950
2025-09-05 11:07:51.401646+05:30,39.7,,12376950
2025-09-05 11:07:51.931870+05:30,39.85,,12376950
2025-09-05 11:07:52.212655+05:30,39.9,,12376950
2025-09-05 11:07:52.388622+05:30,39.8,,12376950
2025-09-05 11:07:53.189956+05:30,39.75,,12376950
2025-09-05 11:07:53.445429+05:30,39.75,,12376950
2025-09-05 11:07:54.259911+05:30,39.9,,12376950
2025-09-05 11:07:54.459093+05:30,39.8,,12376950
2025-09-05 11:07:54.638419+05:30,39.8,,12376950
2025-09-05 11:07:55.140574+05:30,40.05,,12376950
2025-09-05 11:07:55.438291+05:30,40.05,,12376950
2025-09-05 11:07:56.231604+05:30,40.15,,12376950
2025-09-05 11:07:56.661408+05:30,40.05,,12376950
2025-09-05 11:07:56.917352+05:30,40.0,,12376950
2025-09-05 11:07:57.165995+05:30,40.1,,12376950
2025-09-05 11:07:57.410144+05:30,40.25,,12376950
2025-09-05 11:07:58.177200+05:30,40.25,,12376950
2025-09-05 11:07:58.418598+05:30,40.1,,12376950
2025-09-05 11:07:59.195402+05:30,40.2,,12376950
2025-09-05 11:07:59.456606+05:30,40.3,,12376950
2025-09-05 11:07:59.643031+05:30,40.3,,12376950
2025-09-05 11:08:00.172558+05:30,40.15,,12376950
2025-09-05 11:08:00.689092+05:30,40.25,,12376950
2025-09-05 11:08:01.138420+05:30,40.0,,12376950
2025-09-05 11:08:01.444145+05:30,39.85,,12376950
2025-09-05 11:08:01.655258+05:30,39.0,,12376950
2025-09-05 11:08:02.151668+05:30,39.35,,12376950
2025-09-05 11:08:02.405338+05:30,39.2,,12376950
2025-09-05 11:08:03.169446+05:30,39.2,,12376950
2025-09-05 11:08:03.395970+05:30,39.2,,12376950
2025-09-05 11:08:04.473671+05:30,38.4,,12376950
2025-09-05 11:08:04.656912+05:30,38.45,,12376950
2025-09-05 11:08:05.139475+05:30,38.45,,12376950
2025-09-05 11:08:05.413578+05:30,38.4,,12376950
2025-09-05 11:08:06.159282+05:30,38.45,,12376950
2025-09-05 11:08:06.634471+05:30,38.4,,12376950
2025-09-05 11:08:07.159586+05:30,38.25,,12376950
2025-09-05 11:08:07.440865+05:30,38.3,,12376950
2025-09-05 11:08:08.227580+05:30,38.25,,12376950
2025-09-05 11:08:08.460603+05:30,38.25,,12376950
2025-09-05 11:08:09.215999+05:30,38.35,,12376950
2025-09-05 11:08:09.454620+05:30,38.3,,12376950
2025-09-05 11:08:09.678244+05:30,38.4,,12376950
2025-09-05 11:08:10.195313+05:30,38.35,,12376950
2025-09-05 11:08:10.732399+05:30,38.35,,12376950
2025-09-05 11:08:11.170840+05:30,38.55,,12376950
2025-09-05 11:08:11.666202+05:30,38.45,,12376950
2025-09-05 11:08:12.166415+05:30,38.6,,12376950
2025-09-05 11:08:12.472339+05:30,38.55,,12376950
2025-09-05 11:08:13.138910+05:30,38.55,,12376950
2025-09-05 11:08:13.496982+05:30,38.6,,12376950
2025-09-05 11:08:14.205372+05:30,38.5,,12376950
2025-09-05 11:08:14.638372+05:30,38.45,,12376950
2025-09-05 11:08:15.168607+05:30,38.65,,12376950
2025-09-05 11:08:15.737138+05:30,38.6,,12376950
2025-09-05 11:08:16.165754+05:30,38.75,,12376950
2025-09-05 11:08:16.470456+05:30,38.7,,12376950
2025-09-05 11:08:17.206026+05:30,38.75,,12376950
2025-09-05 11:08:17.391992+05:30,38.75,,12376950
2025-09-05 11:08:18.165257+05:30,38.55,,12376950
2025-09-05 11:08:18.449291+05:30,38.7,,12376950
2025-09-05 11:08:19.135559+05:30,38.6,,12376950
2025-09-05 11:08:19.411520+05:30,38.65,,12376950
2025-09-05 11:08:19.665287+05:30,38.55,,12376950
2025-09-05 11:08:20.175253+05:30,38.6,,12376950
2025-09-05 11:08:20.480753+05:30,38.65,,12376950
2025-09-05 11:08:21.179882+05:30,38.6,,12376950
2025-09-05 11:08:21.668665+05:30,38.6,,12376950
2025-09-05 11:08:22.184565+05:30,38.6,,12376950
2025-09-05 11:08:22.655274+05:30,38.7,,12376950
2025-09-05 11:08:22.910232+05:30,38.55,,12376950
2025-09-05 11:08:23.168885+05:30,38.4,,12376950
2025-09-05 11:08:23.443718+05:30,38.65,,12376950
2025-09-05 11:08:24.139101+05:30,38.5,,12376950
2025-09-05 11:08:24.417292+05:30,38.45,,12376950
2025-09-05 11:08:24.659080+05:30,38.45,,12376950
2025-09-05 11:08:25.226456+05:30,38.1,,12376950
2025-09-05 11:08:25.436175+05:30,38.1,,12376950
2025-09-05 11:08:26.255136+05:30,38.35,,12376950
2025-09-05 11:08:27.152289+05:30,38.2,,12376950
2025-09-05 11:08:27.671361+05:30,38.3,,12376950
2025-09-05 11:08:27.888215+05:30,38.3,,12376950
2025-09-05 11:08:28.259000+05:30,38.35,,12376950
2025-09-05 11:08:28.440607+05:30,38.35,,12376950
2025-09-05 11:08:29.149898+05:30,38.45,,12376950
2025-09-05 11:08:29.638209+05:30,38.45,,12376950
2025-09-05 11:08:30.139621+05:30,38.5,,12376950
2025-09-05 11:08:30.437955+05:30,38.4,,12376950
2025-09-05 11:08:31.158996+05:30,38.3,,12376950
2025-09-05 11:08:31.406188+05:30,38.4,,12376950
2025-09-05 11:08:32.183880+05:30,38.4,,12376950
2025-09-05 11:08:32.458799+05:30,38.25,,12376950
2025-09-05 11:08:32.693276+05:30,38.05,,12376950
2025-09-05 11:08:33.250051+05:30,38.15,,12376950
2025-09-05 11:08:33.405354+05:30,38.3,,12376950
2025-09-05 11:08:34.138419+05:30,38.1,,12376950
2025-09-05 11:08:34.388290+05:30,38.1,,12376950
2025-09-05 11:08:34.647500+05:30,38.1,,12376950
2025-09-05 11:08:35.138341+05:30,38.2,,12376950
2025-09-05 11:08:35.419963+05:30,38.2,,12376950
2025-09-05 11:08:36.186935+05:30,38.15,,12376950
2025-09-05 11:08:36.449003+05:30,38.1,,12376950
2025-09-05 11:08:37.281936+05:30,38.15,,12376950
2025-09-05 11:08:37.460721+05:30,38.15,,12376950
2025-09-05 11:08:37.638303+05:30,38.1,,12376950
2025-09-05 11:08:37.893452+05:30,38.15,,12376950
2025-09-05 11:08:38.138280+05:30,38.05,,12376950
2025-09-05 11:08:38.427108+05:30,38.15,,12376950
2025-09-05 11:08:39.276499+05:30,38.25,,12376950
2025-09-05 11:08:39.422488+05:30,38.25,,12376950
2025-09-05 11:08:40.241002+05:30,38.4,,12376950
2025-09-05 11:08:40.638132+05:30,38.5,,12376950
2025-09-05 11:08:40.901109+05:30,38.35,,12376950
2025-09-05 11:08:41.185701+05:30,38.4,,12376950
2025-09-05 11:08:41.665241+05:30,38.15,,12376950
2025-09-05 11:08:42.199133+05:30,38.15,,12376950
2025-09-05 11:08:42.687343+05:30,38.25,,12376950
2025-09-05 11:08:42.892555+05:30,38.2,,12376950
2025-09-05 11:08:43.160137+05:30,38.2,,12376950
2025-09-05 11:08:43.455738+05:30,38.15,,12376950
2025-09-05 11:08:44.218409+05:30,38.15,,12376950
2025-09-05 11:08:44.439437+05:30,38.15,,12376950
2025-09-05 11:08:45.138226+05:30,38.15,,12376950
2025-09-05 11:08:45.501031+05:30,38.05,,12376950
2025-09-05 11:08:45.911128+05:30,38.15,,12376950
2025-09-05 11:08:46.133912+05:30,38.6,,12376950
2025-09-05 11:08:46.443111+05:30,38.65,,12376950
2025-09-05 11:08:47.195642+05:30,38.85,,12376950
2025-09-05 11:08:47.385662+05:30,38.75,,12376950
2025-09-05 11:08:47.687170+05:30,38.75,,12376950
2025-09-05 11:08:48.239020+05:30,38.8,,12376950
2025-09-05 11:08:48.477477+05:30,38.8,,12376950
2025-09-05 11:08:49.260354+05:30,38.9,,12376950
2025-09-05 11:08:49.469829+05:30,38.9,,12376950
2025-09-05 11:08:50.138290+05:30,39.1,,12376950
2025-09-05 11:08:50.638122+05:30,39.05,,12376950
2025-09-05 11:08:50.911796+05:30,38.95,,12376950
2025-09-05 11:08:51.157409+05:30,39.05,,12376950
2025-09-05 11:08:51.649819+05:30,39.1,,12376950
2025-09-05 11:08:52.206578+05:30,39.05,,12376950
2025-09-05 11:08:52.416316+05:30,39.05,,12376950
2025-09-05 11:08:52.682103+05:30,39.2,,12376950
2025-09-05 11:08:53.181752+05:30,39.1,,12376950
2025-09-05 11:08:53.638191+05:30,39.1,,12376950
2025-09-05 11:08:54.183744+05:30,39.45,,12376950
2025-09-05 11:08:54.657709+05:30,39.45,,12376950
2025-09-05 11:08:55.138258+05:30,39.4,,12376950
2025-09-05 11:08:55.438770+05:30,39.4,,12376950
2025-09-05 11:08:55.927312+05:30,39.2,,12376950
2025-09-05 11:08:56.169477+05:30,39.35,,12376950
2025-09-05 11:08:56.415524+05:30,39.35,,12376950
2025-09-05 11:08:57.138235+05:30,39.4,,12376950
2025-09-05 11:08:57.414038+05:30,39.55,,12376950
2025-09-05 11:08:57.684273+05:30,39.45,,12376950
2025-09-05 11:08:58.188682+05:30,39.45,,12376950
2025-09-05 11:08:58.411277+05:30,39.45,,12376950
2025-09-05 11:08:59.192346+05:30,39.5,,12376950
2025-09-05 11:08:59.407209+05:30,39.55,,12376950
2025-09-05 11:09:00.175088+05:30,39.45,,12376950
2025-09-05 11:09:00.427412+05:30,39.6,,12376950
2025-09-05 11:09:00.938249+05:30,39.7,,12376950
2025-09-05 11:09:01.138187+05:30,39.6,,12376950
2025-09-05 11:09:01.438227+05:30,39.6,,12376950
2025-09-05 11:09:02.133509+05:30,39.65,,12376950
2025-09-05 11:09:02.456214+05:30,39.65,,12376950
2025-09-05 11:09:02.673386+05:30,39.55,,12376950
2025-09-05 11:09:03.183729+05:30,39.7,,12376950
2025-09-05 11:09:03.388369+05:30,39.7,,12376950
2025-09-05 11:09:04.240546+05:30,39.7,,12376950
2025-09-05 11:09:04.444513+05:30,39.75,,12376950
2025-09-05 11:09:05.172915+05:30,39.7,,12376950
2025-09-05 11:09:05.388265+05:30,39.7,,12376950
2025-09-05 11:09:05.921469+05:30,39.45,,12376950
2025-09-05 11:09:06.133429+05:30,39.4,,12376950
2025-09-05 11:09:06.408302+05:30,39.4,,12376950
2025-09-05 11:09:07.177796+05:30,39.5,,12376950
2025-09-05 11:09:07.459429+05:30,39.55,,12376950
2025-09-05 11:09:07.660954+05:30,39.55,,12376950
2025-09-05 11:09:08.214124+05:30,39.6,,12376950
2025-09-05 11:09:08.482812+05:30,39.6,,12376950
2025-09-05 11:09:09.197780+05:30,39.6,,12376950
2025-09-05 11:09:09.387974+05:30,39.7,,12376950
2025-09-05 11:09:10.138028+05:30,39.6,,12376950
2025-09-05 11:09:10.410222+05:30,39.55,,12376950
2025-09-05 11:09:10.911919+05:30,39.55,,12376950
2025-09-05 11:09:11.185545+05:30,39.55,,12376950
2025-09-05 11:09:11.422034+05:30,39.55,,12376950
2025-09-05 11:09:12.199882+05:30,39.65,,12376950
2025-09-05 11:09:12.638215+05:30,39.5,,12376950
2025-09-05 11:09:13.214867+05:30,39.55,,12376950
2025-09-05 11:09:13.680641+05:30,39.55,,12376950
2025-09-05 11:09:14.134695+05:30,39.55,,12376950
2025-09-05 11:09:14.459895+05:30,39.6,,12376950
2025-09-05 11:09:15.151034+05:30,39.65,,12376950
2025-09-05 11:09:15.404981+05:30,39.35,,12376950
2025-09-05 11:09:15.917714+05:30,39.25,,12376950
2025-09-05 11:09:16.184289+05:30,39.05,,12376950
2025-09-05 11:09:16.387995+05:30,39.0,,12376950
2025-09-05 11:09:17.443984+05:30,38.65,,12376950
2025-09-05 11:09:17.666056+05:30,38.5,,12376950
2025-09-05 11:09:18.186998+05:30,38.5,,12376950
2025-09-05 11:09:18.456096+05:30,38.25,,12376950
2025-09-05 11:09:19.251335+05:30,38.3,,12376950
2025-09-05 11:09:19.661097+05:30,38.15,,12376950
2025-09-05 11:09:20.291674+05:30,38.0,,12376950
2025-09-05 11:09:20.387993+05:30,38.0,,12376950
2025-09-05 11:09:20.936879+05:30,37.9,,12376950
2025-09-05 11:09:21.218120+05:30,37.9,,12376950
2025-09-05 11:09:21.512568+05:30,37.9,,12376950
2025-09-05 11:09:22.466022+05:30,38.1,,12376950
2025-09-05 11:09:22.691628+05:30,37.95,,12376950
2025-09-05 11:09:23.137949+05:30,38.0,,12376950
2025-09-05 11:09:23.405138+05:30,38.0,,12376950
2025-09-05 11:09:24.159815+05:30,37.9,,12376950
2025-09-05 11:09:24.387998+05:30,37.95,,12376950
2025-09-05 11:09:25.140601+05:30,38.0,,12376950
2025-09-05 11:09:25.388764+05:30,38.0,,12376950
2025-09-05 11:09:25.887791+05:30,38.0,,12376950
2025-09-05 11:09:26.194730+05:30,37.9,,12376950
2025-09-05 11:09:26.387943+05:30,38.0,,12376950
2025-09-05 11:09:27.205004+05:30,37.7,,12376950
2025-09-05 11:09:27.681910+05:30,37.8,,12376950
2025-09-05 11:09:28.138452+05:30,37.75,,12376950
2025-09-05 11:09:28.383815+05:30,37.5,,12376950
2025-09-05 11:09:29.224890+05:30,37.9,,12376950
2025-09-05 11:09:29.489648+05:30,37.8,,12376950
2025-09-05 11:09:30.133495+05:30,38.0,,12376950
2025-09-05 11:09:30.421427+05:30,37.8,,12376950
2025-09-05 11:09:30.900907+05:30,38.05,,12376950
2025-09-05 11:09:31.459091+05:30,38.05,,12376950
2025-09-05 11:09:32.452610+05:30,37.95,,12376950
2025-09-05 11:09:32.914934+05:30,38.2,,12376950
2025-09-05 11:09:33.454095+05:30,38.25,,12376950
2025-09-05 11:09:34.136058+05:30,38.35,,12376950
2025-09-05 11:09:34.387821+05:30,38.35,,12376950
2025-09-05 11:09:35.431248+05:30,38.45,,12376950
2025-09-05 11:09:35.887814+05:30,38.4,,12376950
2025-09-05 11:09:36.450894+05:30,38.5,,12376950
2025-09-05 11:09:37.203740+05:30,38.55,,12376950
2025-09-05 11:09:37.659902+05:30,38.25,,12376950
2025-09-05 11:09:38.432754+05:30,38.15,,12376950
2025-09-05 11:09:39.210917+05:30,38.2,,12376950
2025-09-05 11:09:39.637711+05:30,38.2,,12376950
2025-09-05 11:09:40.216330+05:30,38.2,,12338700
2025-09-05 11:09:40.702450+05:30,38.15,,12338700
2025-09-05 11:09:40.883391+05:30,38.15,,12338700
2025-09-05 11:09:41.179703+05:30,38.2,,12338700
2025-09-05 11:09:41.414621+05:30,38.2,,12338700
2025-09-05 11:09:42.205495+05:30,38.05,,12338700
2025-09-05 11:09:42.409636+05:30,38.2,,12338700
2025-09-05 11:09:43.432209+05:30,38.2,,12338700
2025-09-05 11:09:43.927812+05:30,38.05,,12338700
2025-09-05 11:09:44.167978+05:30,38.05,,12338700
2025-09-05 11:09:44.681821+05:30,37.9,,12338700
2025-09-05 11:09:45.525325+05:30,38.0,,12338700
2025-09-05 11:09:45.638180+05:30,37.95,,12338700
2025-09-05 11:09:46.222526+05:30,37.95,,12338700
2025-09-05 11:09:46.431245+05:30,37.95,,12338700
2025-09-05 11:09:47.133716+05:30,37.85,,12338700
2025-09-05 11:09:47.672208+05:30,37.8,,12338700
2025-09-05 11:09:48.419313+05:30,37.85,,12338700
2025-09-05 11:09:48.936295+05:30,37.7,,12338700
2025-09-05 11:09:49.161944+05:30,37.6,,12338700
2025-09-05 11:09:49.448703+05:30,37.8,,12338700
2025-09-05 11:09:50.174240+05:30,37.8,,12338700
2025-09-05 11:09:50.408107+05:30,37.7,,12338700
2025-09-05 11:09:51.382944+05:30,37.5,,12338700
2025-09-05 11:09:52.184453+05:30,37.4,,12338700
2025-09-05 11:09:52.451901+05:30,37.3,,12338700
2025-09-05 11:09:53.478524+05:30,37.35,,12338700
2025-09-05 11:09:53.969206+05:30,36.85,,12338700
2025-09-05 11:09:54.138252+05:30,36.75,,12338700
2025-09-05 11:09:54.445132+05:30,36.75,,12338700
2025-09-05 11:09:55.401682+05:30,37.05,,12338700
2025-09-05 11:09:56.562436+05:30,37.1,,12338700
2025-09-05 11:09:57.191647+05:30,37.05,,12338700
2025-09-05 11:09:57.409485+05:30,37.05,,12338700
2025-09-05 11:09:58.535923+05:30,37.1,,12338700
2025-09-05 11:09:58.675391+05:30,37.15,,12338700
2025-09-05 11:09:59.387761+05:30,37.15,,12338700
2025-09-05 11:10:00.286179+05:30,37.15,,12338700
2025-09-05 11:10:00.692939+05:30,37.3,,12338700
2025-09-05 11:10:01.476561+05:30,37.15,,12338700
2025-09-05 11:10:01.920758+05:30,37.2,,12338700
2025-09-05 11:10:02.405442+05:30,37.3,,12338700
2025-09-05 11:10:03.218412+05:30,37.35,,12338700
2025-09-05 11:10:03.493081+05:30,37.35,,12338700
2025-09-05 11:10:03.637871+05:30,37.35,,12338700
2025-09-05 11:10:03.917847+05:30,37.35,,12338700
2025-09-05 11:10:04.160167+05:30,37.3,,12338700
2025-09-05 11:10:04.664694+05:30,37.3,,12338700
2025-09-05 11:10:05.490235+05:30,37.3,,12338700
2025-09-05 11:10:06.213491+05:30,37.3,,12338700
2025-09-05 11:10:06.659543+05:30,37.2,,12338700
2025-09-05 11:10:06.892680+05:30,37.3,,12338700
2025-09-05 11:10:07.189980+05:30,37.3,,12338700
2025-09-05 11:10:07.382961+05:30,37.0,,12338700
2025-09-05 11:10:08.269950+05:30,36.8,,12338700
2025-09-05 11:10:08.385693+05:30,36.7,,12338700
2025-09-05 11:10:08.888484+05:30,36.7,,12338700
2025-09-05 11:10:09.447850+05:30,36.75,,12338700
2025-09-05 11:10:10.419318+05:30,36.6,,12338700
2025-09-05 11:10:11.398826+05:30,36.7,,12338700
2025-09-05 11:10:11.887445+05:30,36.6,,12338700
2025-09-05 11:10:12.199139+05:30,36.55,,12338700
2025-09-05 11:10:12.436056+05:30,36.55,,12338700
2025-09-05 11:10:13.389831+05:30,36.55,,12338700
2025-09-05 11:10:13.659560+05:30,36.75,,12338700
2025-09-05 11:10:14.421100+05:30,36.85,,12338700
2025-09-05 11:10:15.137805+05:30,36.95,,12338700
2025-09-05 11:10:15.495136+05:30,36.85,,12338700
2025-09-05 11:10:16.438414+05:30,36.95,,12338700
2025-09-05 11:10:16.639701+05:30,36.75,,12338700
2025-09-05 11:10:17.195993+05:30,36.75,,12338700
2025-09-05 11:10:17.444203+05:30,36.75,,12338700
2025-09-05 11:10:18.387693+05:30,36.65,,12338700
2025-09-05 11:10:18.681208+05:30,36.65,,12338700
2025-09-05 11:10:19.387615+05:30,36.6,,12338700
2025-09-05 11:10:20.172141+05:30,36.65,,12338700
2025-09-05 11:10:20.455151+05:30,36.65,,12338700
2025-09-05 11:10:21.137808+05:30,36.85,,12338700
2025-09-05 11:10:21.410026+05:30,36.75,,12338700
2025-09-05 11:10:21.681784+05:30,36.9,,12338700
2025-09-05 11:10:22.132867+05:30,36.95,,12338700
2025-09-05 11:10:22.444884+05:30,37.0,,12338700
2025-09-05 11:10:23.395847+05:30,37.0,,12338700
2025-09-05 11:10:23.637613+05:30,37.0,,12338700
2025-09-05 11:10:24.197848+05:30,37.0,,12338700
2025-09-05 11:10:24.637441+05:30,36.9,,12338700
2025-09-05 11:10:25.181327+05:30,37.05,,12338700
2025-09-05 11:10:25.436105+05:30,36.85,,12338700
2025-09-05 11:10:26.166225+05:30,36.9,,12338700
2025-09-05 11:10:26.427379+05:30,36.9,,12338700
2025-09-05 11:10:26.660280+05:30,36.75,,12338700
2025-09-05 11:10:26.905195+05:30,36.75,,12338700
2025-09-05 11:10:27.382980+05:30,36.8,,12338700
2025-09-05 11:10:28.392174+05:30,36.85,,12338700
2025-09-05 11:10:29.447588+05:30,36.8,,12338700
2025-09-05 11:10:29.639457+05:30,37.05,,12338700
2025-09-05 11:10:30.247635+05:30,37.05,,12338700
2025-09-05 11:10:30.421284+05:30,37.2,,12338700
2025-09-05 11:10:30.636575+05:30,37.2,,12338700
2025-09-05 11:10:31.390216+05:30,36.95,,12338700
2025-09-05 11:10:32.195909+05:30,37.05,,12338700
2025-09-05 11:10:33.665426+05:30,37.35,,12338700
2025-09-05 11:10:35.187000+05:30,37.2,,12338700
2025-09-05 11:10:36.637482+05:30,37.4,,12338700
2025-09-05 11:10:37.387430+05:30,37.45,,12338700
2025-09-05 11:10:38.159897+05:30,37.4,,12338700
2025-09-05 11:10:38.486719+05:30,37.5,,12338700
2025-09-05 11:10:39.423441+05:30,37.45,,12338700
2025-09-05 11:10:39.947364+05:30,37.45,,12338700
2025-09-05 11:10:40.388496+05:30,37.4,,12338700
2025-09-05 11:10:40.740498+05:30,37.6,,12338700
2025-09-05 11:10:41.137420+05:30,37.4,,12338700
2025-09-05 11:10:41.453512+05:30,37.3,,12338700
2025-09-05 11:10:41.908113+05:30,37.55,,12338700
2025-09-05 11:10:42.223456+05:30,37.5,,12338700
2025-09-05 11:10:42.659725+05:30,37.5,,12338700
2025-09-05 11:10:43.462102+05:30,37.65,,12338700
2025-09-05 11:10:44.387459+05:30,37.8,,12338700
2025-09-05 11:10:44.920562+05:30,37.7,,12338700
2025-09-05 11:10:45.439037+05:30,37.8,,12338700
2025-09-05 11:10:46.444386+05:30,37.75,,12338700
2025-09-05 11:10:46.936002+05:30,37.75,,12338700
2025-09-05 11:10:47.387462+05:30,37.65,,12338700
2025-09-05 11:10:47.632543+05:30,37.65,,12338700
2025-09-05 11:10:48.143592+05:30,37.65,,12338700
2025-09-05 11:10:48.409578+05:30,37.55,,12338700
2025-09-05 11:10:49.154371+05:30,37.55,,12338700
2025-09-05 11:10:49.708158+05:30,37.45,,12338700
2025-09-05 11:10:49.908002+05:30,37.55,,12338700
2025-09-05 11:10:50.195815+05:30,37.75,,12338700
2025-09-05 11:10:50.447947+05:30,37.8,,12338700
2025-09-05 11:10:51.450565+05:30,37.65,,12338700
2025-09-05 11:10:51.659980+05:30,37.6,,12338700
2025-09-05 11:10:52.139933+05:30,37.6,,12338700
2025-09-05 11:10:52.384504+05:30,37.7,,12338700
2025-09-05 11:10:53.134665+05:30,37.65,,12338700
2025-09-05 11:10:53.418868+05:30,37.65,,12338700
2025-09-05 11:10:54.443106+05:30,37.5,,12338700
2025-09-05 11:10:54.637392+05:30,37.5,,12338700
2025-09-05 11:10:55.166342+05:30,37.6,,12338700
2025-09-05 11:10:55.431768+05:30,37.65,,12338700
2025-09-05 11:10:56.388537+05:30,37.9,,12338700
2025-09-05 11:10:56.914342+05:30,38.3,,12338700
2025-09-05 11:10:57.385556+05:30,38.4,,12338700
2025-09-05 11:10:58.164789+05:30,38.3,,12338700
2025-09-05 11:10:58.408457+05:30,38.35,,12338700
2025-09-05 11:10:59.383467+05:30,38.2,,12338700
2025-09-05 11:10:59.637265+05:30,38.15,,12338700
2025-09-05 11:10:59.947611+05:30,38.1,,12338700
2025-09-05 11:11:00.137474+05:30,37.9,,12338700
2025-09-05 11:11:00.691135+05:30,37.95,,12338700
2025-09-05 11:11:01.448718+05:30,37.9,,12338700
2025-09-05 11:11:01.659931+05:30,37.95,,12338700
2025-09-05 11:11:02.420797+05:30,38.0,,12338700
2025-09-05 11:11:03.137863+05:30,38.05,,12338700
2025-09-05 11:11:03.448363+05:30,38.05,,12338700
2025-09-05 11:11:03.691207+05:30,38.05,,12338700
2025-09-05 11:11:04.433238+05:30,37.95,,12338700
2025-09-05 11:11:04.660405+05:30,37.95,,12338700
2025-09-05 11:11:05.180769+05:30,38.0,,12338700
2025-09-05 11:11:05.457633+05:30,38.0,,12338700
2025-09-05 11:11:05.632513+05:30,37.9,,12338700
2025-09-05 11:11:06.387644+05:30,37.8,,12338700
2025-09-05 11:11:06.640910+05:30,37.85,,12338700
2025-09-05 11:11:07.232952+05:30,37.75,,12338700
2025-09-05 11:11:07.425300+05:30,37.8,,12338700
2025-09-05 11:11:08.133715+05:30,37.7,,12338700
2025-09-05 11:11:08.432383+05:30,37.7,,12338700
2025-09-05 11:11:09.414918+05:30,37.6,,12338700
2025-09-05 11:11:09.637347+05:30,37.6,,12338700
2025-09-05 11:11:10.189412+05:30,37.7,,12338700
2025-09-05 11:11:10.383632+05:30,37.7,,12338700
2025-09-05 11:11:11.438876+05:30,37.7,,12338700
2025-09-05 11:11:11.662165+05:30,37.7,,12338700
2025-09-05 11:11:12.435083+05:30,37.75,,12338700
2025-09-05 11:11:13.182612+05:30,37.8,,12338700
2025-09-05 11:11:13.457500+05:30,37.85,,12338700
2025-09-05 11:11:14.154632+05:30,37.8,,12338700
2025-09-05 11:11:14.400643+05:30,37.8,,12338700
2025-09-05 11:11:14.927727+05:30,37.85,,12338700
2025-09-05 11:11:15.214227+05:30,37.75,,12338700
