time,last_price,volume,oi
2025-09-04 12:10:38.689208+05:30,91.8,,8245050
2025-09-04 12:10:39.156511+05:30,92.75,,8245050
2025-09-04 12:10:39.866942+05:30,92.6,,8245050
2025-09-04 12:10:40.159322+05:30,92.3,,8245050
2025-09-04 12:10:40.465113+05:30,92.25,,8245050
2025-09-04 12:10:40.602093+05:30,92.45,,8245050
2025-09-04 12:10:41.071841+05:30,92.5,,8245050
2025-09-04 12:10:41.333726+05:30,92.6,,8245050
2025-09-04 12:10:41.615108+05:30,92.6,,8245050
2025-09-04 12:10:42.418004+05:30,92.9,,8245050
2025-09-04 12:10:43.363664+05:30,93.05,,8245050
2025-09-04 12:10:44.090625+05:30,92.5,,8245050
2025-09-04 12:10:44.390195+05:30,92.95,,8245050
2025-09-04 12:10:44.821711+05:30,92.95,,8245050
2025-09-04 12:10:45.414357+05:30,93.45,,8245050
2025-09-04 12:10:45.639907+05:30,93.0,,8245050
2025-09-04 12:10:46.423868+05:30,93.6,,8245050
2025-09-04 12:10:46.596841+05:30,93.25,,8245050
2025-09-04 12:10:47.134642+05:30,92.25,,8245050
2025-09-04 12:10:47.624110+05:30,92.05,,8245050
2025-09-04 12:10:48.406958+05:30,91.65,,8245050
2025-09-04 12:10:49.164750+05:30,92.2,,8245050
2025-09-04 12:10:49.377408+05:30,92.3,,8245050
2025-09-04 12:10:49.832126+05:30,91.8,,8245050
2025-09-04 12:10:50.344206+05:30,92.25,,8245050
2025-09-04 12:10:50.657529+05:30,92.1,,8245050
2025-09-04 12:10:51.353927+05:30,92.15,,8245050
2025-09-04 12:10:51.598868+05:30,91.9,,8245050
2025-09-04 12:10:52.429814+05:30,92.05,,8245050
2025-09-04 12:10:53.159764+05:30,91.5,,8245050
2025-09-04 12:10:53.412729+05:30,91.25,,8245050
2025-09-04 12:10:53.844497+05:30,91.35,,8245050
2025-09-04 12:10:54.147973+05:30,91.45,,8245050
2025-09-04 12:10:54.362787+05:30,91.2,,8245050
2025-09-04 12:10:54.852325+05:30,91.5,,8245050
2025-09-04 12:10:55.362980+05:30,91.5,,8245050
2025-09-04 12:10:55.639924+05:30,91.45,,8245050
2025-09-04 12:10:56.150013+05:30,91.6,,8245050
2025-09-04 12:10:56.343513+05:30,91.5,,8245050
2025-09-04 12:10:57.321079+05:30,91.5,,8245050
2025-09-04 12:10:58.154590+05:30,91.5,,8245050
2025-09-04 12:10:58.818244+05:30,91.2,,8245050
2025-09-04 12:10:59.186510+05:30,91.35,,8245050
2025-09-04 12:10:59.370074+05:30,91.2,,8245050
2025-09-04 12:10:59.848715+05:30,90.95,,8245050
2025-09-04 12:11:00.320937+05:30,90.6,,8245050
2025-09-04 12:11:00.665100+05:30,90.35,,8245050
2025-09-04 12:11:01.101062+05:30,90.25,,8245050
2025-09-04 12:11:01.602004+05:30,90.0,,8245050
2025-09-04 12:11:02.429010+05:30,90.5,,8245050
2025-09-04 12:11:03.440168+05:30,90.3,,8245050
2025-09-04 12:11:03.841880+05:30,90.25,,8245050
2025-09-04 12:11:04.318354+05:30,90.0,,8245050
2025-09-04 12:11:04.912193+05:30,90.0,,8245050
2025-09-04 12:11:05.326113+05:30,90.05,,8245050
2025-09-04 12:11:05.647323+05:30,90.3,,8245050
2025-09-04 12:11:06.376147+05:30,90.0,,8245050
2025-09-04 12:11:06.705416+05:30,90.15,,8245050
2025-09-04 12:11:07.080389+05:30,90.5,,8245050
2025-09-04 12:11:07.365421+05:30,90.5,,8245050
2025-09-04 12:11:08.363131+05:30,90.3,,8245050
2025-09-04 12:11:08.820839+05:30,90.2,,8245050
2025-09-04 12:11:09.367260+05:30,91.0,,8245050
2025-09-04 12:11:09.916121+05:30,90.95,,8245050
2025-09-04 12:11:10.392340+05:30,90.25,,8245050
2025-09-04 12:11:10.646279+05:30,89.95,,8245050
2025-09-04 12:11:11.092933+05:30,90.0,,8245050
2025-09-04 12:11:11.674402+05:30,89.6,,8245050
2025-09-04 12:11:12.318255+05:30,91.0,,8245050
2025-09-04 12:11:13.378989+05:30,91.1,,8245050
2025-09-04 12:11:13.843278+05:30,91.25,,8245050
2025-09-04 12:11:14.196158+05:30,91.05,,8245050
2025-09-04 12:11:14.362863+05:30,91.0,,8245050
2025-09-04 12:11:14.847828+05:30,91.2,,8245050
2025-09-04 12:11:15.325186+05:30,91.05,,8245050
2025-09-04 12:11:15.592844+05:30,91.45,,8245050
2025-09-04 12:11:16.384316+05:30,91.4,,8245050
2025-09-04 12:11:17.115339+05:30,91.85,,8245050
2025-09-04 12:11:17.411100+05:30,91.8,,8245050
2025-09-04 12:11:18.320712+05:30,91.9,,8245050
2025-09-04 12:11:18.837653+05:30,91.8,,8245050
2025-09-04 12:11:19.192481+05:30,91.55,,8245050
2025-09-04 12:11:19.598631+05:30,91.55,,8245050
2025-09-04 12:11:19.871096+05:30,91.6,,8245050
2025-09-04 12:11:20.321381+05:30,92.0,,8245050
2025-09-04 12:11:20.642699+05:30,91.8,,8245050
2025-09-04 12:11:21.115387+05:30,91.75,,8245050
2025-09-04 12:11:21.414393+05:30,91.9,,8245050
2025-09-04 12:11:22.114025+05:30,91.8,,8245050
2025-09-04 12:11:22.388741+05:30,91.8,,8245050
2025-09-04 12:11:23.329531+05:30,91.9,,8245050
2025-09-04 12:11:23.877641+05:30,91.8,,8245050
2025-09-04 12:11:24.187187+05:30,91.9,,8245050
2025-09-04 12:11:24.321196+05:30,91.9,,8245050
2025-09-04 12:11:24.839106+05:30,91.6,,8245050
2025-09-04 12:11:25.446978+05:30,92.15,,8245050
2025-09-04 12:11:25.636636+05:30,92.35,,8245050
2025-09-04 12:11:26.183137+05:30,92.05,,8245050
2025-09-04 12:11:26.371757+05:30,92.25,,8245050
2025-09-04 12:11:27.092629+05:30,92.3,,8245050
2025-09-04 12:11:27.379367+05:30,92.1,,8245050
2025-09-04 12:11:28.326294+05:30,92.65,,8245050
2025-09-04 12:11:29.097743+05:30,92.4,,8245050
2025-09-04 12:11:29.355747+05:30,92.3,,8245050
2025-09-04 12:11:29.827865+05:30,91.45,,8245050
2025-09-04 12:11:30.083065+05:30,91.75,,8245050
2025-09-04 12:11:30.429834+05:30,91.65,,8245050
2025-09-04 12:11:30.888126+05:30,91.8,,8245050
2025-09-04 12:11:31.351327+05:30,91.75,,8245050
2025-09-04 12:11:32.166740+05:30,91.75,,8245050
2025-09-04 12:11:32.435147+05:30,92.0,,8245050
2025-09-04 12:11:33.342356+05:30,91.8,,8245050
2025-09-04 12:11:34.188654+05:30,91.95,,8245050
2025-09-04 12:11:34.326032+05:30,92.05,,8245050
2025-09-04 12:11:34.842535+05:30,92.2,,8245050
2025-09-04 12:11:35.398070+05:30,92.25,,8245050
2025-09-04 12:11:35.820730+05:30,92.15,,8245050
2025-09-04 12:11:36.365501+05:30,92.15,,8245050
2025-09-04 12:11:37.417215+05:30,92.05,,8245050
2025-09-04 12:11:38.097717+05:30,92.0,,8245050
2025-09-04 12:11:38.481583+05:30,92.1,,8245050
2025-09-04 12:11:39.176368+05:30,92.5,,8245050
2025-09-04 12:11:39.570605+05:30,92.8,,8245050
2025-09-04 12:11:39.853498+05:30,92.35,,8245050
2025-09-04 12:11:40.374094+05:30,92.9,,8245050
2025-09-04 12:11:40.820608+05:30,92.85,,8245050
2025-09-04 12:11:41.439817+05:30,92.55,,8245050
2025-09-04 12:11:42.320189+05:30,92.15,,8245050
2025-09-04 12:11:42.629193+05:30,92.35,,8245050
2025-09-04 12:11:43.347509+05:30,92.0,,8245050
2025-09-04 12:11:44.181406+05:30,91.8,,8245050
2025-09-04 12:11:44.429292+05:30,91.95,,8245050
2025-09-04 12:11:44.608029+05:30,92.0,,8245050
2025-09-04 12:11:45.092376+05:30,92.3,,8245050
2025-09-04 12:11:45.320210+05:30,91.95,,8245050
2025-09-04 12:11:45.889146+05:30,91.7,,8245050
2025-09-04 12:11:46.091169+05:30,91.9,,8245050
2025-09-04 12:11:46.395038+05:30,91.85,,8245050
2025-09-04 12:11:47.147150+05:30,91.95,,8245050
2025-09-04 12:11:47.363296+05:30,92.0,,8245050
2025-09-04 12:11:48.416812+05:30,92.2,,8245050
2025-09-04 12:11:49.189063+05:30,92.2,,8245050
2025-09-04 12:11:49.390619+05:30,92.5,,8245050
2025-09-04 12:11:50.143276+05:30,91.85,,8245050
2025-09-04 12:11:50.321271+05:30,92.25,,8245050
2025-09-04 12:11:50.945872+05:30,92.2,,8245050
2025-09-04 12:11:51.094391+05:30,92.3,,8245050
2025-09-04 12:11:51.402823+05:30,92.15,,8245050
2025-09-04 12:11:51.608719+05:30,92.2,,8245050
2025-09-04 12:11:52.155128+05:30,92.6,,8245050
2025-09-04 12:11:52.320608+05:30,92.45,,8245050
2025-09-04 12:11:53.133990+05:30,92.75,,8245050
2025-09-04 12:11:53.422917+05:30,92.85,,8245050
2025-09-04 12:11:54.112112+05:30,92.75,,8245050
2025-09-04 12:11:54.390398+05:30,92.6,,8245050
2025-09-04 12:11:55.200780+05:30,92.5,,8245050
2025-09-04 12:11:55.363820+05:30,92.6,,8245050
2025-09-04 12:11:55.853211+05:30,93.0,,8245050
2025-09-04 12:11:56.354805+05:30,93.15,,8245050
2025-09-04 12:11:57.461807+05:30,93.05,,8245050
2025-09-04 12:11:58.447101+05:30,92.65,,8245050
2025-09-04 12:11:59.149221+05:30,93.4,,8245050
2025-09-04 12:11:59.321692+05:30,93.45,,8245050
2025-09-04 12:11:59.587664+05:30,93.7,,8245050
2025-09-04 12:12:00.075069+05:30,94.6,,8245050
2025-09-04 12:12:00.592058+05:30,95.0,,8245050
2025-09-04 12:12:00.875578+05:30,94.3,,8245050
2025-09-04 12:12:01.319863+05:30,94.0,,8245050
2025-09-04 12:12:01.583743+05:30,93.8,,8245050
2025-09-04 12:12:02.320821+05:30,95.0,,8245050
2025-09-04 12:12:03.372448+05:30,94.9,,8245050
2025-09-04 12:12:04.181100+05:30,94.85,,8245050
2025-09-04 12:12:04.347002+05:30,94.4,,8245050
2025-09-04 12:12:05.136831+05:30,94.05,,8245050
2025-09-04 12:12:05.420005+05:30,94.4,,8245050
2025-09-04 12:12:05.900407+05:30,94.8,,8245050
2025-09-04 12:12:06.126858+05:30,94.65,,8245050
2025-09-04 12:12:06.346919+05:30,94.65,,8245050
2025-09-04 12:12:07.412602+05:30,93.9,,8245050
2025-09-04 12:12:08.374403+05:30,94.45,,8245050
2025-09-04 12:12:09.167765+05:30,93.85,,8245050
2025-09-04 12:12:09.386881+05:30,93.6,,8245050
2025-09-04 12:12:10.092899+05:30,93.95,,8245050
2025-09-04 12:12:10.474936+05:30,93.85,,8245050
2025-09-04 12:12:10.624270+05:30,93.25,,8245050
2025-09-04 12:12:11.196651+05:30,93.25,,8245050
2025-09-04 12:12:11.400515+05:30,93.2,,8245050
2025-09-04 12:12:12.097407+05:30,93.4,,8245050
2025-09-04 12:12:12.398993+05:30,93.5,,8245050
2025-09-04 12:12:13.086707+05:30,94.0,,8245050
2025-09-04 12:12:13.425165+05:30,94.05,,8245050
2025-09-04 12:12:14.235752+05:30,94.25,,8245050
2025-09-04 12:12:14.365643+05:30,94.2,,8245050
2025-09-04 12:12:15.134473+05:30,94.25,,8245050
2025-09-04 12:12:15.425088+05:30,94.7,,8245050
2025-09-04 12:12:15.591844+05:30,94.35,,8245050
2025-09-04 12:12:16.112164+05:30,93.95,,8245050
2025-09-04 12:12:16.317505+05:30,93.85,,8245050
2025-09-04 12:12:16.650244+05:30,94.05,,8245050
2025-09-04 12:12:17.427033+05:30,94.3,,8245050
2025-09-04 12:12:18.331500+05:30,94.0,,8245050
2025-09-04 12:12:19.168417+05:30,93.9,,8245050
2025-09-04 12:12:19.695499+05:30,94.05,,8245050
2025-09-04 12:12:20.093060+05:30,94.3,,8245050
2025-09-04 12:12:20.341811+05:30,94.8,,8245050
2025-09-04 12:12:20.610519+05:30,94.8,,8245050
2025-09-04 12:12:21.321054+05:30,95.1,,8245050
2025-09-04 12:12:22.413827+05:30,94.85,,8245050
2025-09-04 12:12:23.430922+05:30,95.2,,8245050
2025-09-04 12:12:24.157952+05:30,95.9,,8245050
2025-09-04 12:12:24.617965+05:30,96.0,,8245050
2025-09-04 12:12:25.148226+05:30,95.45,,8245050
2025-09-04 12:12:25.403930+05:30,95.35,,8245050
2025-09-04 12:12:25.645765+05:30,94.85,,8245050
2025-09-04 12:16:19.174077+05:30,93.6,,8592750
2025-09-04 12:16:19.395828+05:30,93.3,,8592750
2025-09-04 12:16:20.342284+05:30,94.0,,8592750
2025-09-04 12:16:21.318759+05:30,94.8,,8592750
2025-09-04 12:16:22.069930+05:30,95.0,,8592750
2025-09-04 12:16:22.326961+05:30,95.0,,8592750
2025-09-04 12:16:22.577718+05:30,94.8,,8592750
2025-09-04 12:16:23.190489+05:30,95.15,,8592750
2025-09-04 12:16:23.323435+05:30,95.05,,8592750
2025-09-04 12:16:23.568204+05:30,95.2,,8592750
2025-09-04 12:16:24.378805+05:30,95.25,,8592750
2025-09-04 12:16:25.318781+05:30,95.6,,8592750
2025-09-04 12:16:25.574733+05:30,95.75,,8592750
2025-09-04 12:16:26.360815+05:30,96.0,,8592750
2025-09-04 12:16:27.095389+05:30,96.0,,8592750
2025-09-04 12:16:27.346096+05:30,95.75,,8592750
2025-09-04 12:18:25.004817+05:30,96.3,,8592750
2025-09-04 12:18:25.206441+05:30,97.35,,8592750
2025-09-04 12:18:25.490661+05:30,97.15,,8592750
2025-09-04 12:18:26.257713+05:30,97.1,,8592750
2025-09-04 12:18:26.456650+05:30,97.0,,8592750
2025-09-04 12:18:26.992917+05:30,97.2,,8592750
2025-09-04 12:18:27.212540+05:30,97.15,,8592750
2025-09-04 12:18:27.458810+05:30,97.4,,8592750
2025-09-04 12:18:27.990547+05:30,97.5,,8592750
2025-09-04 12:18:28.205779+05:30,97.45,,8592750
2025-09-04 12:18:28.484818+05:30,97.3,,8592750
2025-09-04 12:18:29.235605+05:30,97.65,,8592750
2025-09-04 12:18:29.532408+05:30,97.5,,8592750
2025-09-04 12:18:30.013897+05:30,97.85,,8592750
2025-09-04 12:18:30.234464+05:30,98.0,,8592750
2025-09-04 12:18:30.703382+05:30,98.75,,8592750
2025-09-04 12:18:31.280130+05:30,98.85,,8592750
2025-09-04 12:18:31.476288+05:30,98.8,,8592750
2025-09-04 12:18:32.000803+05:30,98.45,,8592750
2025-09-04 12:18:32.212889+05:30,98.25,,8592750
2025-09-04 12:18:32.485111+05:30,98.15,,8592750
2025-09-04 12:18:32.997057+05:30,98.8,,8592750
2025-09-04 12:18:33.496798+05:30,98.75,,8592750
2025-09-04 12:18:34.230663+05:30,98.45,,8592750
2025-09-04 12:18:34.532320+05:30,98.45,,8592750
2025-09-04 12:18:35.006869+05:30,98.75,,8592750
2025-09-04 12:18:35.224103+05:30,98.95,,8592750
2025-09-04 12:18:35.518841+05:30,98.35,,8592750
2025-09-04 12:18:36.240951+05:30,98.65,,8592750
2025-09-04 12:18:36.464152+05:30,98.7,,8592750
2025-09-04 12:18:37.257718+05:30,98.5,,8592750
2025-09-04 12:18:37.456378+05:30,98.5,,8592750
2025-09-04 12:18:38.525046+05:30,98.45,,8592750
2025-09-04 12:18:39.456233+05:30,99.0,,8592750
2025-09-04 12:18:40.229835+05:30,99.45,,8592750
2025-09-04 12:18:40.502021+05:30,99.35,,8592750
2025-09-04 12:18:41.241400+05:30,99.1,,8592750
2025-09-04 12:18:41.493281+05:30,99.05,,8592750
2025-09-04 12:18:42.207092+05:30,99.35,,8592750
2025-09-04 12:18:42.478368+05:30,99.1,,8592750
2025-09-04 12:18:43.201922+05:30,99.0,,8592750
2025-09-04 12:18:43.495525+05:30,99.15,,8592750
2025-09-04 12:18:44.534960+05:30,98.85,,8592750
2025-09-04 12:18:45.211155+05:30,98.65,,8592750
2025-09-04 12:18:45.537273+05:30,98.95,,8592750
2025-09-04 12:18:46.007448+05:30,99.25,,8592750
2025-09-04 12:18:46.217837+05:30,99.2,,8592750
2025-09-04 12:18:46.504847+05:30,99.4,,8592750
2025-09-04 12:18:47.243525+05:30,99.9,,8592750
2025-09-04 12:18:47.567964+05:30,99.65,,8592750
2025-09-04 12:18:48.220269+05:30,100.05,,8592750
2025-09-04 12:18:48.505041+05:30,100.05,,8592750
2025-09-04 12:18:49.263426+05:30,100.1,,8592750
2025-09-04 12:18:49.502435+05:30,99.7,,8592750
2025-09-04 12:18:49.997714+05:30,100.2,,8592750
2025-09-04 12:18:50.206047+05:30,99.85,,8592750
2025-09-04 12:18:50.507249+05:30,100.2,,8592750
2025-09-04 12:18:51.004933+05:30,100.05,,8592750
2025-09-04 12:18:51.201358+05:30,100.35,,8592750
2025-09-04 12:18:51.483790+05:30,100.15,,8592750
2025-09-04 12:18:52.211091+05:30,99.85,,8592750
2025-09-04 12:18:52.480305+05:30,99.55,,8592750
2025-09-04 12:18:52.714647+05:30,100.05,,8592750
2025-09-04 12:18:53.202268+05:30,99.75,,8592750
2025-09-04 12:18:53.464021+05:30,99.9,,8592750
2025-09-04 12:18:54.205302+05:30,101.15,,8592750
2025-09-04 12:18:54.507750+05:30,101.25,,8592750
2025-09-04 12:18:55.025357+05:30,101.0,,8592750
2025-09-04 12:18:55.201120+05:30,101.2,,8592750
2025-09-04 12:18:55.500481+05:30,101.05,,8592750
2025-09-04 12:18:55.971301+05:30,101.2,,8592750
2025-09-04 12:18:56.239028+05:30,101.0,,8592750
2025-09-04 12:18:56.497728+05:30,101.6,,8592750
2025-09-04 12:18:57.510024+05:30,101.45,,8592750
2025-09-04 12:18:57.711070+05:30,101.55,,8592750
2025-09-04 12:18:58.205848+05:30,103.65,,8592750
2025-09-04 12:18:58.706059+05:30,103.55,,8832600
2025-09-04 12:18:59.263526+05:30,103.15,,8832600
2025-09-04 12:18:59.469275+05:30,103.55,,8832600
2025-09-04 12:18:59.985092+05:30,104.3,,8832600
2025-09-04 12:19:00.271316+05:30,103.6,,8832600
2025-09-04 12:19:00.531438+05:30,102.95,,8832600
2025-09-04 12:19:00.984290+05:30,103.35,,8832600
2025-09-04 12:19:01.495617+05:30,102.9,,8832600
2025-09-04 12:19:02.244825+05:30,102.35,,8832600
2025-09-04 12:19:02.472853+05:30,102.6,,8832600
2025-09-04 12:19:02.706079+05:30,102.55,,8832600
2025-09-04 12:19:03.210916+05:30,102.1,,8832600
2025-09-04 12:19:03.462180+05:30,102.2,,8832600
2025-09-04 12:19:04.490812+05:30,101.75,,8832600
2025-09-04 12:19:05.029603+05:30,101.95,,8832600
2025-09-04 12:19:05.205778+05:30,102.1,,8832600
2025-09-04 12:19:05.473018+05:30,102.15,,8832600
2025-09-04 12:19:05.999759+05:30,102.0,,8832600
2025-09-04 12:19:06.222240+05:30,102.0,,8832600
2025-09-04 12:19:06.504655+05:30,102.15,,8832600
2025-09-04 12:33:57.507312+05:30,99.5,,7627200
2025-09-04 12:33:57.908815+05:30,99.5,,7627200
2025-09-04 12:33:58.146027+05:30,99.3,,7627200
2025-09-04 12:33:58.401305+05:30,99.4,,7627200
2025-09-04 12:33:59.168590+05:30,98.8,,7627200
2025-09-04 12:33:59.632926+05:30,98.55,,7627200
2025-09-04 12:34:00.177745+05:30,98.6,,7627200
2025-09-04 12:34:00.472316+05:30,98.6,,7627200
2025-09-04 12:34:01.200090+05:30,98.55,,7627200
2025-09-04 12:34:01.390027+05:30,98.8,,7627200
2025-09-04 12:34:02.141968+05:30,98.45,,7373625
2025-09-04 12:34:02.933955+05:30,98.6,,7373625
2025-09-04 12:34:03.132116+05:30,98.15,,7373625
2025-09-04 12:34:03.408346+05:30,98.0,,7373625
2025-09-04 12:34:04.216867+05:30,97.8,,7373625
2025-09-04 12:34:04.675818+05:30,97.7,,7373625
2025-09-04 12:34:05.173870+05:30,97.25,,7373625
2025-09-04 12:34:06.164438+05:30,97.1,,7373625
2025-09-04 12:34:06.893483+05:30,96.9,,7373625
2025-09-04 12:34:07.186688+05:30,96.7,,7373625
2025-09-04 12:34:07.965440+05:30,96.7,,7373625
2025-09-04 12:34:08.195391+05:30,96.85,,7373625
2025-09-04 12:34:08.417993+05:30,97.55,,7373625
2025-09-04 12:34:09.168086+05:30,97.4,,7373625
2025-09-04 12:34:09.673037+05:30,98.05,,7373625
2025-09-04 12:34:10.178243+05:30,98.05,,7373625
2025-09-04 12:34:11.185330+05:30,97.85,,7373625
2025-09-04 12:34:11.999231+05:30,98.25,,7373625
2025-09-04 12:34:12.278857+05:30,98.15,,7373625
2025-09-04 12:34:12.901254+05:30,98.0,,7373625
2025-09-04 12:34:13.233252+05:30,97.9,,7373625
2025-09-04 12:34:13.397651+05:30,97.65,,7373625
2025-09-04 12:34:14.149365+05:30,98.0,,7373625
2025-09-04 12:34:14.661052+05:30,98.25,,7373625
2025-09-04 12:34:15.193097+05:30,98.0,,7373625
2025-09-04 12:34:15.444969+05:30,98.3,,7373625
2025-09-04 12:34:16.182307+05:30,99.0,,7373625
2025-09-04 12:34:16.930722+05:30,99.4,,7373625
2025-09-04 12:34:17.140999+05:30,99.25,,7373625
2025-09-04 12:34:17.983015+05:30,99.55,,7373625
2025-09-04 12:34:18.263078+05:30,99.85,,7373625
2025-09-04 12:34:18.465128+05:30,99.4,,7373625
2025-09-04 12:34:19.204056+05:30,99.45,,7373625
2025-09-04 12:34:19.424749+05:30,99.2,,7373625
2025-09-04 12:34:19.644080+05:30,99.2,,7373625
2025-09-04 12:34:20.171972+05:30,99.15,,7373625
2025-09-04 12:34:20.424661+05:30,99.1,,7373625
2025-09-04 12:34:21.172813+05:30,99.3,,7373625
2025-09-04 12:34:21.490369+05:30,99.1,,7373625
2025-09-04 12:34:21.959419+05:30,99.6,,7373625
2025-09-04 12:34:22.180474+05:30,99.7,,7373625
2025-09-04 12:34:22.932365+05:30,99.55,,7373625
2025-09-04 12:34:23.241192+05:30,99.8,,7373625
2025-09-04 12:34:23.466003+05:30,99.8,,7373625
2025-09-04 12:34:24.182696+05:30,99.6,,7373625
2025-09-04 12:34:24.745524+05:30,99.55,,7373625
2025-09-04 12:34:25.181412+05:30,99.6,,7373625
2025-09-04 12:34:26.148911+05:30,99.6,,7373625
2025-09-04 12:34:26.938486+05:30,100.1,,7373625
2025-09-04 12:34:27.209723+05:30,100.05,,7373625
2025-09-04 12:34:27.898106+05:30,100.0,,7373625
2025-09-04 12:34:28.172704+05:30,100.3,,7373625
2025-09-04 12:34:28.481111+05:30,100.0,,7373625
2025-09-04 12:34:29.226132+05:30,100.0,,7373625
2025-09-04 12:34:29.645432+05:30,99.65,,7373625
2025-09-04 12:34:30.224689+05:30,99.5,,7373625
2025-09-04 12:34:30.421707+05:30,99.65,,7373625
2025-09-04 12:34:31.165793+05:30,99.1,,7373625
2025-09-04 12:34:31.884082+05:30,99.1,,7373625
2025-09-04 12:34:32.129357+05:30,99.4,,7373625
2025-09-04 12:34:32.959719+05:30,99.45,,7373625
2025-09-04 12:34:33.198723+05:30,99.5,,7373625
2025-09-04 12:34:33.445727+05:30,99.8,,7373625
2025-09-04 12:34:34.152321+05:30,99.8,,7373625
2025-09-04 12:34:34.667093+05:30,100.0,,7373625
2025-09-04 12:34:35.197861+05:30,100.05,,7373625
2025-09-04 12:34:36.153852+05:30,100.25,,7373625
2025-09-04 12:34:36.426258+05:30,100.35,,7373625
2025-09-04 12:34:36.888865+05:30,100.5,,7373625
2025-09-04 12:34:37.219226+05:30,100.5,,7373625
2025-09-04 12:34:37.979710+05:30,100.05,,7373625
2025-09-04 12:34:38.226422+05:30,100.35,,7373625
2025-09-04 12:34:38.676047+05:30,100.1,,7373625
2025-09-04 12:34:39.136111+05:30,100.8,,7373625
2025-09-04 12:34:39.627375+05:30,100.9,,7373625
2025-09-04 12:34:40.156820+05:30,100.9,,7373625
2025-09-04 12:34:41.130923+05:30,101.45,,7373625
2025-09-04 12:34:42.191421+05:30,101.4,,7373625
2025-09-04 12:34:42.949735+05:30,101.0,,7373625
2025-09-04 12:34:43.136984+05:30,101.1,,7373625
2025-09-04 12:34:43.472910+05:30,100.8,,7373625
2025-09-04 12:34:43.673476+05:30,101.0,,7373625
2025-09-04 12:34:44.222287+05:30,101.35,,7373625
2025-09-04 12:34:44.639867+05:30,101.3,,7373625
2025-09-04 12:34:45.152918+05:30,101.55,,7373625
2025-09-04 12:34:45.429352+05:30,101.25,,7373625
2025-09-04 12:34:46.124945+05:30,101.5,,7373625
2025-09-04 12:34:46.433103+05:30,101.2,,7373625
2025-09-04 12:34:47.228010+05:30,101.4,,7373625
2025-09-04 12:34:47.919568+05:30,101.65,,7373625
2025-09-04 12:34:48.183037+05:30,101.5,,7373625
2025-09-04 12:34:48.705940+05:30,101.5,,7373625
2025-09-04 12:34:49.216591+05:30,101.8,,7373625
2025-09-04 12:34:49.734476+05:30,101.4,,7373625
2025-09-04 12:34:50.152642+05:30,101.65,,7373625
2025-09-04 12:34:51.121190+05:30,101.95,,7373625
2025-09-04 12:34:52.137233+05:30,101.95,,7373625
2025-09-04 12:34:52.932952+05:30,101.6,,7373625
2025-09-04 12:34:53.471869+05:30,101.5,,7373625
2025-09-04 12:34:53.671844+05:30,101.5,,7373625
2025-09-04 12:34:54.138691+05:30,101.85,,7373625
2025-09-04 12:34:54.695705+05:30,101.7,,7373625
2025-09-04 12:34:55.134273+05:30,101.5,,7373625
2025-09-04 12:34:56.145179+05:30,101.4,,7373625
2025-09-04 12:34:56.509588+05:30,101.5,,7373625
2025-09-04 12:34:57.199045+05:30,102.0,,7373625
2025-09-04 12:34:57.390332+05:30,101.8,,7373625
2025-09-04 12:34:57.974819+05:30,101.7,,7373625
2025-09-04 12:34:58.272032+05:30,101.7,,7373625
2025-09-04 12:34:58.767979+05:30,101.7,,7373625
2025-09-04 12:34:59.137998+05:30,101.9,,7373625
2025-09-04 12:34:59.656444+05:30,101.9,,7373625
2025-09-04 12:35:00.125163+05:30,101.45,,7373625
2025-09-04 12:35:00.407905+05:30,101.45,,7373625
2025-09-04 12:35:01.144031+05:30,102.3,,7373625
2025-09-04 12:35:01.449082+05:30,102.35,,7373625
2025-09-04 12:35:02.151855+05:30,101.9,,7373625
2025-09-04 12:35:02.988893+05:30,102.15,,7373625
2025-09-04 12:35:03.257754+05:30,102.0,,7373625
2025-09-04 12:35:03.443569+05:30,101.85,,7373625
2025-09-04 12:35:03.736727+05:30,101.95,,7373625
2025-09-04 12:35:04.161812+05:30,101.6,,7373625
2025-09-04 12:35:04.430488+05:30,101.85,,7373625
2025-09-04 12:35:05.153528+05:30,103.15,,7373625
2025-09-04 12:35:06.186655+05:30,103.7,,7373625
2025-09-04 12:35:06.920017+05:30,103.55,,7373625
2025-09-04 12:35:07.226084+05:30,103.35,,7373625
2025-09-04 12:35:07.876048+05:30,103.05,,7373625
2025-09-04 12:35:08.146523+05:30,103.1,,7373625
2025-09-04 12:35:08.398585+05:30,102.8,,7373625
2025-09-04 12:35:09.188868+05:30,102.4,,7373625
2025-09-04 12:35:09.445003+05:30,102.05,,7373625
2025-09-04 12:35:10.159057+05:30,102.45,,7373625
2025-09-04 12:35:11.149647+05:30,102.25,,7373625
2025-09-04 12:35:11.450116+05:30,102.5,,7373625
2025-09-04 12:35:11.896852+05:30,102.4,,7373625
2025-09-04 12:35:12.238397+05:30,102.6,,7373625
2025-09-04 12:35:12.892601+05:30,102.3,,7373625
2025-09-04 12:35:13.181132+05:30,102.05,,7373625
2025-09-04 12:35:13.425551+05:30,102.2,,7373625
2025-09-04 12:35:14.145045+05:30,102.4,,7373625
2025-09-04 12:35:14.427082+05:30,102.35,,7373625
2025-09-04 12:35:15.175279+05:30,102.1,,7373625
2025-09-04 12:35:16.174808+05:30,101.95,,7373625
2025-09-04 12:35:16.897909+05:30,101.0,,7373625
2025-09-04 12:35:17.394472+05:30,101.05,,7373625
2025-09-04 12:35:17.935079+05:30,101.15,,7373625
2025-09-04 12:35:18.140049+05:30,101.15,,7373625
2025-09-04 12:35:18.409111+05:30,101.2,,7373625
2025-09-04 12:35:19.176533+05:30,101.55,,7373625
2025-09-04 12:35:19.448510+05:30,101.6,,7373625
2025-09-04 12:35:20.226815+05:30,101.45,,7373625
2025-09-04 12:35:21.184478+05:30,101.8,,7373625
2025-09-04 12:35:21.523709+05:30,101.8,,7373625
2025-09-04 12:35:21.958412+05:30,101.7,,7373625
2025-09-04 12:35:22.177957+05:30,101.8,,7373625
2025-09-04 12:35:22.944005+05:30,101.75,,7373625
2025-09-04 12:35:23.208885+05:30,101.7,,7373625
2025-09-04 12:35:23.457891+05:30,101.7,,7373625
2025-09-04 12:35:24.139388+05:30,101.7,,7373625
2025-09-04 12:35:24.462053+05:30,101.6,,7373625
2025-09-04 12:35:25.135064+05:30,101.55,,7373625
2025-09-04 12:35:26.135099+05:30,101.2,,7373625
2025-09-04 12:35:26.883592+05:30,101.25,,7373625
2025-09-04 12:35:27.205665+05:30,101.25,,7373625
2025-09-04 12:35:27.437038+05:30,101.2,,7373625
2025-09-04 13:44:22.198384+05:30,98.4,,9207375
2025-09-04 13:44:22.263475+05:30,98.05,,9207375
2025-09-04 13:44:22.658370+05:30,98.15,,9207375
2025-09-04 13:44:23.454921+05:30,97.9,,9207375
2025-09-04 13:44:23.713755+05:30,98.1,,9207375
2025-09-04 13:44:24.222372+05:30,98.0,,9207375
2025-09-04 13:44:24.435669+05:30,98.05,,9207375
2025-09-04 13:44:25.470898+05:30,98.0,,9207375
2025-09-04 13:44:25.658220+05:30,98.0,,9207375
2025-09-04 13:44:26.440858+05:30,97.9,,9207375
2025-09-04 13:44:27.207935+05:30,97.8,,9207375
2025-09-04 13:44:27.488230+05:30,97.65,,9207375
2025-09-04 13:44:28.521637+05:30,96.95,,9207375
2025-09-04 13:44:28.660489+05:30,96.95,,9207375
2025-09-04 13:44:28.913814+05:30,97.2,,9207375
2025-09-04 13:44:29.424684+05:30,97.05,,9207375
2025-09-04 13:44:30.426588+05:30,97.0,,9207375
2025-09-04 13:44:30.714488+05:30,97.15,,9207375
2025-09-04 13:44:31.435583+05:30,96.5,,9207375
2025-09-04 13:44:31.685486+05:30,96.7,,9207375
2025-09-04 13:44:32.202023+05:30,96.45,,9207375
2025-09-04 13:44:32.462714+05:30,96.4,,9207375
2025-09-04 13:44:32.676646+05:30,96.35,,9207375
2025-09-04 13:44:33.520413+05:30,96.1,,9207375
2025-09-04 13:44:33.673748+05:30,96.2,,9207375
2025-09-04 13:44:33.903923+05:30,96.55,,9207375
2025-09-04 13:44:34.492785+05:30,96.65,,9207375
2025-09-04 13:44:35.225640+05:30,96.3,,9207375
2025-09-04 13:44:35.460119+05:30,96.2,,9207375
2025-09-04 13:44:35.692746+05:30,96.45,,9207375
2025-09-04 13:44:36.437197+05:30,96.55,,9207375
2025-09-04 13:44:36.675501+05:30,96.8,,9207375
2025-09-04 13:44:37.490606+05:30,96.7,,9207375
2025-09-04 13:44:37.681016+05:30,96.8,,9207375
2025-09-04 13:44:38.408331+05:30,97.0,,9207375
2025-09-04 13:44:38.908163+05:30,96.75,,9207375
2025-09-04 13:44:39.441600+05:30,96.8,,9207375
2025-09-04 13:44:40.296477+05:30,96.8,,9207375
2025-09-04 13:44:40.445387+05:30,97.35,,9207375
2025-09-04 13:44:40.658105+05:30,97.05,,9207375
2025-09-04 13:44:41.674658+05:30,96.75,,9207375
2025-09-04 13:44:42.658201+05:30,97.1,,9207375
2025-09-04 13:44:43.718671+05:30,95.9,,9207375
2025-09-04 13:44:44.227570+05:30,95.8,,9207375
2025-09-04 13:44:44.682000+05:30,95.65,,9207375
2025-09-04 13:44:45.196017+05:30,95.7,,9207375
2025-09-04 13:44:45.658822+05:30,95.95,,9207375
2025-09-04 13:44:46.486963+05:30,95.6,,9207375
2025-09-04 13:44:47.455242+05:30,95.8,,9207375
2025-09-04 13:44:48.475128+05:30,95.75,,9207375
2025-09-04 13:44:48.677600+05:30,95.7,,9207375
2025-09-04 13:44:49.261094+05:30,95.5,,9207375
2025-09-04 13:44:49.455572+05:30,95.8,,9207375
2025-09-04 13:44:49.658046+05:30,95.65,,9207375
2025-09-04 13:44:50.436237+05:30,95.55,,9207375
2025-09-04 13:44:50.908218+05:30,96.45,,9207375
2025-09-04 13:44:51.533945+05:30,96.3,,9207375
2025-09-04 13:44:52.189290+05:30,95.6,,9207375
2025-09-04 13:44:52.445580+05:30,95.4,,9207375
2025-09-04 13:44:53.473005+05:30,94.65,,9207375
2025-09-04 13:44:54.234464+05:30,94.5,,9207375
2025-09-04 13:44:54.679535+05:30,94.8,,9207375
2025-09-04 13:44:54.952492+05:30,94.6,,9207375
2025-09-04 13:44:55.440640+05:30,94.85,,9207375
2025-09-04 13:44:55.658730+05:30,95.2,,9207375
2025-09-04 13:44:56.408957+05:30,95.25,,9207375
2025-09-04 13:44:56.658054+05:30,95.1,,9207375
2025-09-04 13:44:57.285115+05:30,95.5,,9207375
2025-09-04 13:44:57.652893+05:30,95.6,,9207375
2025-09-04 13:44:58.476881+05:30,95.65,,9207375
2025-09-04 13:44:58.657989+05:30,95.4,,9207375
2025-09-04 13:44:59.245133+05:30,95.15,,9207375
2025-09-04 13:44:59.458910+05:30,95.25,,9207375
2025-09-04 13:44:59.662911+05:30,95.65,,9207375
2025-09-04 13:45:00.453229+05:30,95.4,,9207375
2025-09-04 13:45:01.435293+05:30,95.95,,9207375
2025-09-04 13:45:01.707386+05:30,96.0,,9207375
2025-09-04 13:45:02.231651+05:30,95.6,,9207375
2025-09-04 13:45:02.424913+05:30,95.8,,9207375
2025-09-04 13:45:03.230030+05:30,95.55,,9207375
2025-09-04 13:45:03.713228+05:30,95.55,,9207375
2025-09-04 13:45:04.179039+05:30,94.8,,9207375
2025-09-04 13:45:04.438765+05:30,95.95,,9207375
2025-09-04 13:45:04.658579+05:30,96.0,,9207375
2025-09-04 13:45:05.423588+05:30,95.8,,9207375
2025-09-04 13:45:06.697581+05:30,96.35,,9207375
2025-09-04 13:45:07.220054+05:30,96.2,,9207375
2025-09-04 13:45:07.450845+05:30,95.8,,9207375
2025-09-04 13:45:08.493083+05:30,95.75,,9207375
2025-09-04 13:45:09.213815+05:30,96.4,,9207375
2025-09-04 13:45:09.433041+05:30,96.6,,9207375
2025-09-04 13:45:09.658008+05:30,96.6,,9207375
2025-09-04 13:45:09.948581+05:30,96.55,,9207375
2025-09-04 13:45:10.465310+05:30,96.55,,9207375
2025-09-04 13:45:10.660659+05:30,96.6,,9207375
2025-09-04 13:45:11.429588+05:30,96.5,,9207375
2025-09-04 13:45:11.655972+05:30,96.3,,9207375
2025-09-04 13:45:12.429319+05:30,96.6,,9207375
2025-09-04 13:45:12.657745+05:30,96.3,,9207375
2025-09-04 13:45:13.532686+05:30,96.1,,9207375
2025-09-04 13:45:13.678998+05:30,95.95,,9207375
2025-09-04 13:45:14.208501+05:30,96.0,,9207375
2025-09-04 13:45:14.427172+05:30,96.25,,9207375
2025-09-04 13:45:14.968080+05:30,96.2,,9207375
2025-09-04 13:45:15.444099+05:30,96.15,,9207375
2025-09-04 13:45:16.432092+05:30,95.7,,9207375
2025-09-04 13:45:16.722964+05:30,95.9,,9207375
2025-09-04 13:45:17.503413+05:30,95.95,,9207375
2025-09-04 13:45:17.657615+05:30,95.95,,9207375
2025-09-04 13:45:18.403242+05:30,95.85,,9207375
2025-09-04 13:45:18.659627+05:30,95.4,,9207375
2025-09-04 13:45:19.278201+05:30,95.45,,9207375
2025-09-04 13:45:19.445359+05:30,95.0,,9207375
2025-09-04 13:45:19.657696+05:30,95.05,,9207375
2025-09-04 13:45:20.438595+05:30,95.15,,9207375
2025-09-04 13:45:20.657634+05:30,95.25,,9207375
2025-09-04 13:45:21.431207+05:30,95.5,,9207375
2025-09-04 13:45:21.685874+05:30,96.0,,9207375
2025-09-04 13:45:22.527415+05:30,94.3,,9207375
2025-09-04 13:45:23.563933+05:30,94.6,,9207375
2025-09-04 13:45:23.669169+05:30,94.8,,9207375
2025-09-04 13:45:24.159260+05:30,93.8,,9207375
2025-09-04 13:45:24.437542+05:30,93.7,,9207375
2025-09-04 13:45:24.653709+05:30,93.75,,9207375
2025-09-04 13:45:25.410225+05:30,93.3,,9207375
2025-09-04 13:45:26.480590+05:30,93.5,,9207375
2025-09-04 13:45:26.685721+05:30,93.3,,9207375
2025-09-04 13:45:27.197311+05:30,93.8,,9207375
2025-09-04 13:45:27.513002+05:30,94.25,,9207375
2025-09-04 13:45:27.657514+05:30,93.95,,9207375
2025-09-04 13:45:28.275006+05:30,94.0,,9207375
2025-09-04 13:45:28.420818+05:30,94.2,,9207375
2025-09-04 13:45:28.657903+05:30,94.0,,9207375
2025-09-04 13:45:29.217058+05:30,94.25,,9207375
2025-09-04 13:45:29.403120+05:30,94.05,,9207375
2025-09-04 13:45:29.679114+05:30,94.25,,9207375
2025-09-04 13:45:29.940264+05:30,94.1,,9207375
2025-09-04 13:45:30.691824+05:30,94.1,,9207375
2025-09-04 13:45:31.458549+05:30,94.45,,9207375
2025-09-04 13:45:31.697969+05:30,94.5,,9207375
2025-09-04 13:45:32.208014+05:30,94.75,,9207375
2025-09-04 13:45:32.425834+05:30,94.3,,9207375
2025-09-04 13:45:33.498871+05:30,94.2,,9207375
2025-09-04 13:45:33.657815+05:30,94.5,,9207375
2025-09-04 13:45:34.213547+05:30,94.4,,9207375
2025-09-04 13:45:34.407442+05:30,94.2,,9207375
2025-09-04 13:45:34.679585+05:30,94.25,,9207375
2025-09-04 13:45:34.946250+05:30,94.15,,9207375
2025-09-04 13:45:35.431014+05:30,94.25,,9207375
2025-09-04 13:45:36.702001+05:30,94.35,,9207375
2025-09-04 13:45:37.473858+05:30,94.3,,9207375
2025-09-04 13:45:37.657374+05:30,94.4,,9207375
2025-09-04 13:45:38.449378+05:30,94.4,,9207375
2025-09-04 13:45:38.658843+05:30,94.55,,9207375
2025-09-04 13:45:39.198859+05:30,94.4,,9207375
2025-09-04 13:45:39.456654+05:30,94.55,,9207375
2025-09-04 13:45:39.711842+05:30,94.75,,9207375
2025-09-04 13:45:39.955535+05:30,94.6,,9207375
2025-09-04 13:45:40.437114+05:30,94.55,,9207375
2025-09-04 13:45:40.657382+05:30,94.8,,9207375
2025-09-04 13:45:41.494555+05:30,94.7,,9207375
2025-09-04 13:45:41.682389+05:30,94.75,,9207375
2025-09-04 13:45:42.477424+05:30,94.9,,9207375
2025-09-04 13:45:42.657378+05:30,94.95,,9207375
2025-09-04 13:45:43.463706+05:30,95.3,,9207375
2025-09-04 13:45:43.657580+05:30,95.25,,9207375
2025-09-04 13:45:44.198906+05:30,95.0,,9207375
2025-09-04 13:45:44.441735+05:30,95.4,,9207375
2025-09-04 13:45:44.652469+05:30,95.4,,9207375
2025-09-04 13:45:44.939864+05:30,95.4,,9207375
2025-09-04 13:45:45.535171+05:30,94.7,,9207375
2025-09-04 13:45:45.657987+05:30,94.75,,9207375
2025-09-04 13:45:46.495461+05:30,94.4,,9207375
2025-09-04 13:45:46.690704+05:30,94.1,,9207375
2025-09-04 13:45:47.158087+05:30,94.65,,9207375
2025-09-04 13:45:47.546475+05:30,94.6,,9207375
2025-09-04 13:45:48.450961+05:30,94.25,,9207375
2025-09-04 13:45:48.657914+05:30,94.25,,9207375
2025-09-04 13:45:49.218876+05:30,94.95,,9207375
2025-09-04 13:45:49.466022+05:30,94.65,,9207375
2025-09-04 13:45:49.652826+05:30,94.75,,9207375
2025-09-04 13:45:49.935298+05:30,94.35,,9207375
2025-09-04 13:45:50.434797+05:30,94.45,,9207375
2025-09-04 13:45:50.658748+05:30,94.15,,9207375
2025-09-04 13:45:51.467653+05:30,93.8,,9207375
2025-09-04 13:45:51.682738+05:30,93.85,,9207375
2025-09-04 13:45:52.183032+05:30,93.5,,9207375
2025-09-04 13:45:52.539506+05:30,93.45,,9207375
2025-09-04 13:45:52.652246+05:30,93.5,,9207375
2025-09-04 13:45:53.224809+05:30,93.45,,9207375
2025-09-04 13:45:53.467811+05:30,93.4,,9207375
2025-09-04 13:45:53.983316+05:30,93.7,,9207375
2025-09-04 13:45:54.489252+05:30,93.4,,9207375
2025-09-04 13:45:54.691597+05:30,93.3,,9207375
2025-09-04 13:45:54.950519+05:30,93.55,,9207375
2025-09-04 13:45:55.440719+05:30,93.3,,9207375
2025-09-04 13:45:55.655153+05:30,93.3,,9207375
2025-09-04 13:45:56.486654+05:30,93.1,,9207375
2025-09-04 13:45:56.670680+05:30,93.05,,9207375
2025-09-04 13:45:57.166356+05:30,93.5,,9207375
2025-09-04 13:45:57.501939+05:30,93.25,,9207375
2025-09-04 13:45:58.240355+05:30,93.2,,9207375
2025-09-04 13:45:58.469769+05:30,93.45,,9207375
2025-09-04 13:45:58.907358+05:30,93.7,,9207375
2025-09-04 13:45:59.499722+05:30,93.5,,9207375
2025-09-04 13:45:59.673593+05:30,93.8,,9207375
2025-09-04 13:45:59.945653+05:30,93.75,,9207375
2025-09-04 13:46:00.498488+05:30,93.6,,9207375
2025-09-04 13:46:01.493686+05:30,93.65,,9207375
2025-09-04 13:46:01.680514+05:30,93.5,,9207375
2025-09-04 13:46:02.200577+05:30,94.0,,9207375
2025-09-04 13:46:02.445934+05:30,94.0,,9207375
2025-09-04 13:46:02.653826+05:30,94.3,,9207375
2025-09-04 13:46:03.451820+05:30,94.45,,9207375
2025-09-04 13:46:03.657628+05:30,94.4,,9207375
2025-09-04 13:46:03.936720+05:30,94.65,,9207375
2025-09-04 13:46:04.470435+05:30,94.8,,9207375
2025-09-04 13:46:04.657924+05:30,94.65,,9207375
2025-09-04 13:46:04.931477+05:30,94.65,,9207375
2025-09-04 13:46:05.441996+05:30,94.85,,9207375
2025-09-04 13:46:05.658807+05:30,95.25,,9207375
2025-09-04 13:46:06.507921+05:30,94.8,,9207375
2025-09-04 13:46:07.250318+05:30,95.2,,9207375
2025-09-04 13:46:07.471870+05:30,94.9,,9207375
2025-09-04 13:46:08.215063+05:30,94.7,,9207375
2025-09-04 13:46:08.417753+05:30,94.7,,9207375
2025-09-04 13:46:08.664208+05:30,94.85,,9207375
2025-09-04 13:46:08.940420+05:30,94.8,,9207375
2025-09-04 13:46:09.409018+05:30,94.35,,9207375
2025-09-04 13:46:09.658284+05:30,94.3,,9207375
2025-09-04 13:46:09.917947+05:30,94.55,,9207375
2025-09-04 13:46:10.484047+05:30,94.1,,9207375
2025-09-04 13:46:11.428848+05:30,94.55,,9207375
2025-09-04 13:46:11.762736+05:30,94.25,,9207375
2025-09-04 13:46:12.247667+05:30,93.9,,9207375
2025-09-04 13:46:12.471490+05:30,94.25,,9207375
2025-09-04 13:46:13.420116+05:30,95.05,,9070350
2025-09-04 13:46:13.658470+05:30,94.8,,9070350
2025-09-04 13:46:13.914087+05:30,95.2,,9070350
2025-09-04 13:46:14.457609+05:30,94.95,,9070350
2025-09-04 13:46:14.701214+05:30,95.05,,9070350
2025-09-04 13:46:14.940470+05:30,95.0,,9070350
2025-09-04 13:46:15.499950+05:30,94.8,,9070350
2025-09-04 13:46:15.661083+05:30,94.85,,9070350
2025-09-04 13:46:16.479556+05:30,94.75,,9070350
2025-09-04 13:46:16.713703+05:30,94.95,,9070350
2025-09-04 13:46:17.272102+05:30,95.45,,9070350
2025-09-04 13:46:17.480901+05:30,95.5,,9070350
2025-09-04 13:46:17.658058+05:30,95.45,,9070350
2025-09-04 13:46:18.223951+05:30,95.5,,9070350
2025-09-04 13:46:18.475581+05:30,95.9,,9070350
2025-09-04 13:46:18.658864+05:30,95.7,,9070350
2025-09-04 13:46:18.927287+05:30,95.7,,9070350
2025-09-04 13:46:19.695948+05:30,95.35,,9070350
2025-09-04 13:46:19.921045+05:30,95.15,,9070350
2025-09-04 13:46:20.462249+05:30,95.3,,9070350
2025-09-04 13:46:20.655760+05:30,95.55,,9070350
2025-09-04 13:46:21.473394+05:30,95.4,,9070350
2025-09-04 13:46:22.201890+05:30,95.4,,9070350
2025-09-04 13:46:22.488673+05:30,95.2,,9070350
2025-09-04 13:46:22.656935+05:30,95.45,,9070350
2025-09-04 13:46:23.477868+05:30,95.25,,9070350
2025-09-04 13:46:23.658254+05:30,95.4,,9070350
2025-09-04 13:46:23.939755+05:30,95.35,,9070350
2025-09-04 13:46:24.442426+05:30,95.15,,9070350
2025-09-04 13:46:24.925061+05:30,95.3,,9070350
2025-09-04 13:46:25.490544+05:30,95.5,,9070350
2025-09-04 13:46:25.652521+05:30,95.3,,9070350
2025-09-04 13:46:26.461926+05:30,95.3,,9070350
2025-09-04 13:46:26.700503+05:30,95.3,,9070350
2025-09-04 13:46:27.193830+05:30,95.3,,9070350
2025-09-04 13:46:27.437550+05:30,95.35,,9070350
2025-09-04 13:46:27.656949+05:30,95.7,,9070350
2025-09-04 13:46:28.295704+05:30,95.25,,9070350
2025-09-04 13:46:28.462046+05:30,95.1,,9070350
2025-09-04 13:46:28.656854+05:30,95.3,,9070350
2025-09-04 13:46:29.454401+05:30,95.3,,9070350
2025-09-04 13:46:29.666123+05:30,95.15,,9070350
2025-09-04 13:46:30.206889+05:30,95.3,,9070350
2025-09-04 13:46:30.432946+05:30,95.1,,9070350
2025-09-04 13:46:30.902898+05:30,95.25,,9070350
2025-09-04 13:46:31.680337+05:30,95.7,,9070350
2025-09-04 13:46:32.216477+05:30,95.35,,9070350
2025-09-04 13:46:32.533598+05:30,94.55,,9070350
2025-09-04 13:46:32.658358+05:30,94.45,,9070350
2025-09-04 13:46:33.476971+05:30,94.65,,9070350
2025-09-04 13:46:33.677008+05:30,94.5,,9070350
2025-09-04 13:46:34.504988+05:30,94.9,,9070350
2025-09-04 13:46:34.684697+05:30,95.0,,9070350
2025-09-04 13:46:35.529614+05:30,95.05,,9070350
2025-09-04 13:46:35.654075+05:30,94.9,,9070350
2025-09-04 13:46:36.489780+05:30,95.0,,9070350
2025-09-04 13:46:36.701738+05:30,95.1,,9070350
2025-09-04 13:46:36.928911+05:30,95.25,,9070350
2025-09-04 13:46:37.512990+05:30,95.75,,9070350
2025-09-04 13:46:37.657803+05:30,95.8,,9070350
2025-09-04 13:46:38.218316+05:30,95.75,,9070350
2025-09-04 13:46:38.430919+05:30,95.75,,9070350
2025-09-04 13:46:38.658087+05:30,96.05,,9070350
2025-09-04 13:46:39.543031+05:30,96.35,,9070350
2025-09-04 13:46:39.695161+05:30,96.5,,9070350
2025-09-04 13:46:40.449690+05:30,96.55,,9070350
2025-09-04 13:46:40.679095+05:30,96.65,,9070350
2025-09-04 13:46:41.497348+05:30,96.7,,9070350
2025-09-04 13:46:41.669741+05:30,96.5,,9070350
2025-09-04 13:46:41.907166+05:30,96.6,,9070350
2025-09-04 13:46:42.495783+05:30,96.5,,9070350
2025-09-04 13:46:42.663956+05:30,96.45,,9070350
2025-09-04 13:46:43.174687+05:30,95.9,,9070350
2025-09-04 13:46:43.508610+05:30,96.1,,9070350
2025-09-04 13:46:43.712692+05:30,95.85,,9070350
2025-09-04 13:46:44.452148+05:30,95.5,,9070350
2025-09-04 13:46:44.966586+05:30,95.45,,9070350
2025-09-04 13:46:45.193780+05:30,95.45,,9070350
2025-09-04 13:46:45.441124+05:30,95.15,,9070350
2025-09-04 13:46:45.668079+05:30,95.5,,9070350
2025-09-04 13:46:46.520882+05:30,95.8,,9070350
2025-09-04 13:46:46.680849+05:30,96.0,,9070350
2025-09-04 13:46:46.910936+05:30,95.95,,9070350
2025-09-04 13:46:47.657129+05:30,95.7,,9070350
2025-09-04 13:46:48.268285+05:30,95.5,,9070350
2025-09-04 13:46:48.473523+05:30,95.9,,9070350
2025-09-04 13:46:48.701182+05:30,95.9,,9070350
2025-09-04 13:46:49.700025+05:30,95.55,,9070350
2025-09-04 13:46:50.187394+05:30,95.45,,9070350
2025-09-04 13:46:50.513292+05:30,95.75,,9070350
2025-09-04 13:46:50.656691+05:30,95.75,,9070350
2025-09-04 13:46:51.207872+05:30,95.75,,9070350
2025-09-04 13:46:51.446429+05:30,95.8,,9070350
2025-09-04 13:46:51.715740+05:30,95.65,,9070350
2025-09-04 13:46:52.434591+05:30,95.9,,9070350
2025-09-04 13:46:52.680264+05:30,95.65,,9070350
2025-09-04 13:46:52.939125+05:30,95.7,,9070350
2025-09-04 13:46:53.428877+05:30,95.7,,9070350
2025-09-04 13:46:53.744557+05:30,95.5,,9070350
2025-09-04 13:46:54.690165+05:30,95.1,,9070350
2025-09-04 13:46:55.186700+05:30,95.3,,9070350
2025-09-04 13:46:55.500745+05:30,95.1,,9070350
2025-09-04 13:46:55.654860+05:30,94.8,,9070350
2025-09-04 13:46:56.199642+05:30,94.85,,9070350
2025-09-04 13:46:56.483801+05:30,94.9,,9070350
2025-09-04 13:46:56.723677+05:30,95.0,,9070350
2025-09-04 13:46:57.431195+05:30,94.9,,9070350
2025-09-04 13:46:57.670003+05:30,94.9,,9070350
2025-09-04 13:46:58.229933+05:30,95.15,,9070350
2025-09-04 13:46:58.446064+05:30,95.2,,9070350
2025-09-04 13:46:58.712729+05:30,95.25,,9070350
2025-09-04 13:46:59.468902+05:30,95.35,,9070350
2025-09-04 13:46:59.652192+05:30,95.1,,9070350
2025-09-04 13:47:00.177756+05:30,95.25,,9070350
2025-09-04 13:47:00.683549+05:30,94.8,,9070350
2025-09-04 13:47:00.906609+05:30,94.85,,9070350
2025-09-04 13:47:01.464297+05:30,95.65,,9070350
2025-09-04 13:47:01.708813+05:30,95.5,,9070350
2025-09-04 13:47:02.445216+05:30,94.9,,9070350
2025-09-04 13:47:02.672860+05:30,95.1,,9070350
2025-09-04 13:47:03.237827+05:30,95.1,,9070350
2025-09-04 13:47:03.435677+05:30,95.0,,9070350
2025-09-04 13:47:03.678837+05:30,95.15,,9070350
2025-09-04 13:47:04.408026+05:30,95.6,,9070350
2025-09-04 13:47:04.656774+05:30,95.8,,9070350
2025-09-04 13:47:05.724962+05:30,96.15,,9070350
2025-09-04 13:47:05.906542+05:30,96.4,,9070350
2025-09-04 13:47:06.510137+05:30,96.3,,9070350
2025-09-04 13:47:06.734670+05:30,96.2,,9070350
2025-09-04 13:47:07.451775+05:30,96.1,,9070350
2025-09-04 13:47:07.657989+05:30,96.1,,9070350
2025-09-04 13:47:08.218541+05:30,95.8,,9070350
2025-09-04 13:47:08.496086+05:30,95.6,,9070350
2025-09-04 13:47:08.653858+05:30,95.8,,9070350
2025-09-04 13:47:09.509381+05:30,95.85,,9070350
2025-09-04 13:47:09.669278+05:30,95.9,,9070350
2025-09-04 13:47:10.490616+05:30,95.7,,9070350
2025-09-04 13:47:10.651520+05:30,95.55,,9070350
2025-09-04 13:47:10.939056+05:30,95.5,,9070350
2025-09-04 13:47:11.559681+05:30,95.55,,9070350
2025-09-04 13:47:11.680946+05:30,95.5,,9070350
2025-09-04 13:47:12.477677+05:30,95.55,,9070350
2025-09-04 13:47:12.699159+05:30,95.55,,9070350
2025-09-04 13:47:13.295334+05:30,95.75,,9070350
2025-09-04 13:47:13.471949+05:30,95.35,,9070350
2025-09-04 13:47:13.656892+05:30,95.55,,9070350
2025-09-04 13:47:14.457605+05:30,95.5,,9070350
2025-09-04 13:47:14.656614+05:30,95.35,,9070350
2025-09-04 13:47:15.507486+05:30,95.65,,9070350
2025-09-04 13:47:15.651469+05:30,96.0,,9070350
2025-09-04 13:47:16.489383+05:30,96.4,,9070350
2025-09-04 13:47:16.678665+05:30,97.15,,9070350
2025-09-04 13:47:17.427021+05:30,97.2,,9070350
2025-09-04 13:47:17.671461+05:30,97.15,,9070350
2025-09-04 13:47:18.468845+05:30,97.5,,9070350
2025-09-04 13:47:18.662496+05:30,97.3,,9070350
2025-09-04 13:47:19.228911+05:30,97.2,,9070350
2025-09-04 13:47:19.452508+05:30,97.85,,9070350
2025-09-04 13:47:19.657701+05:30,97.8,,9070350
2025-09-04 13:47:19.907303+05:30,97.95,,9070350
2025-09-04 13:47:20.433012+05:30,98.2,,9070350
2025-09-04 13:47:20.663248+05:30,98.05,,9070350
2025-09-04 13:47:20.946498+05:30,97.85,,9070350
2025-09-04 13:47:21.657097+05:30,97.95,,9070350
2025-09-04 13:47:22.402905+05:30,97.2,,9070350
2025-09-04 13:47:22.657878+05:30,97.3,,9070350
2025-09-04 13:47:23.222679+05:30,97.55,,9070350
2025-09-04 13:47:23.479278+05:30,97.35,,9070350
2025-09-04 13:47:23.652745+05:30,97.3,,9070350
2025-09-04 13:47:24.477709+05:30,97.5,,9070350
2025-09-04 13:47:24.691172+05:30,97.6,,9070350
2025-09-04 13:47:25.436610+05:30,97.65,,9070350
2025-09-04 13:47:25.652776+05:30,97.45,,9070350
2025-09-04 13:47:26.484162+05:30,97.0,,9070350
2025-09-04 13:47:26.660385+05:30,96.8,,9070350
2025-09-04 13:47:27.496568+05:30,97.45,,9070350
2025-09-04 13:47:27.688752+05:30,97.75,,9070350
2025-09-04 13:47:28.260115+05:30,97.8,,9070350
2025-09-04 13:47:28.511026+05:30,97.3,,9070350
2025-09-04 13:47:28.652837+05:30,97.35,,9070350
2025-09-04 13:47:29.218462+05:30,97.25,,9070350
2025-09-04 13:47:29.464696+05:30,97.05,,9070350
2025-09-04 13:47:29.678258+05:30,97.4,,9070350
2025-09-04 13:47:30.665785+05:30,96.8,,9070350
2025-09-04 13:47:31.695128+05:30,96.75,,9070350
2025-09-04 13:47:32.656298+05:30,96.75,,9070350
2025-09-04 13:47:33.184686+05:30,96.7,,9070350
2025-09-04 13:47:33.492998+05:30,97.35,,9070350
2025-09-04 13:47:33.656277+05:30,98.35,,9070350
2025-09-04 13:47:34.207330+05:30,100.65,,9070350
2025-09-04 13:47:34.488869+05:30,99.95,,9070350
2025-09-04 13:47:34.662635+05:30,99.9,,9070350
2025-09-04 13:47:34.939188+05:30,99.9,,9070350
2025-09-04 13:47:35.427908+05:30,99.95,,9070350
2025-09-04 13:47:35.684875+05:30,99.9,,9070350
2025-09-04 13:47:35.907570+05:30,99.85,,9070350
2025-09-04 13:47:36.452853+05:30,99.8,,9070350
2025-09-04 13:47:36.682420+05:30,99.35,,9070350
2025-09-04 13:47:37.441689+05:30,99.9,,9070350
2025-09-04 13:47:37.656528+05:30,99.9,,9070350
2025-09-04 13:47:38.200213+05:30,99.45,,9070350
2025-09-04 13:47:38.486178+05:30,99.8,,9070350
2025-09-04 13:47:38.656243+05:30,99.5,,9070350
2025-09-04 13:47:39.158081+05:30,99.55,,9070350
2025-09-04 13:47:39.449422+05:30,99.7,,9070350
2025-09-04 13:47:39.651361+05:30,99.7,,9070350
2025-09-04 13:47:40.025087+05:30,99.5,,9070350
2025-09-04 13:47:40.478425+05:30,99.3,,9070350
2025-09-04 13:47:40.677925+05:30,99.4,,9070350
2025-09-04 13:47:41.453025+05:30,99.6,,9070350
2025-09-04 13:47:41.685601+05:30,100.15,,9070350
2025-09-04 13:47:42.549813+05:30,99.65,,9070350
2025-09-04 13:47:42.674077+05:30,99.65,,9070350
2025-09-04 13:47:43.191039+05:30,99.3,,9070350
2025-09-04 13:47:43.463353+05:30,99.7,,9070350
2025-09-04 13:47:43.656186+05:30,99.55,,9070350
2025-09-04 13:47:44.185193+05:30,99.65,,9070350
2025-09-04 13:47:44.453173+05:30,100.4,,9070350
2025-09-04 13:47:44.677626+05:30,100.4,,9070350
2025-09-04 13:47:45.462216+05:30,100.1,,9070350
2025-09-04 13:47:45.661803+05:30,100.1,,9070350
2025-09-04 13:47:46.473790+05:30,100.7,,9070350
2025-09-04 13:47:46.674144+05:30,100.25,,9070350
2025-09-04 13:47:47.408148+05:30,99.95,,9070350
2025-09-04 13:47:47.694295+05:30,99.6,,9070350
2025-09-04 13:47:48.231675+05:30,99.3,,9070350
2025-09-04 13:47:48.449803+05:30,99.45,,9070350
2025-09-04 13:47:48.651146+05:30,99.35,,9070350
2025-09-04 13:47:49.190771+05:30,98.85,,9070350
2025-09-04 13:47:49.471507+05:30,99.0,,9070350
2025-09-04 13:47:49.694630+05:30,99.0,,9070350
2025-09-04 13:47:50.407409+05:30,98.5,,9070350
2025-09-04 13:47:50.706326+05:30,98.55,,9070350
2025-09-04 13:47:51.481643+05:30,98.0,,9070350
2025-09-04 13:47:51.682063+05:30,98.25,,9070350
2025-09-04 13:47:52.454511+05:30,98.3,,9070350
2025-09-04 13:47:52.661925+05:30,98.35,,9070350
2025-09-04 13:47:53.223770+05:30,98.25,,9070350
2025-09-04 13:47:53.425668+05:30,98.5,,9070350
2025-09-04 13:47:53.656134+05:30,98.2,,9070350
2025-09-04 13:47:54.157565+05:30,98.25,,9070350
2025-09-04 13:47:54.521539+05:30,97.85,,9070350
2025-09-04 13:47:54.712372+05:30,98.05,,9070350
2025-09-04 13:47:55.450650+05:30,97.95,,9070350
2025-09-04 13:47:55.685495+05:30,97.55,,9070350
2025-09-04 13:47:56.197247+05:30,98.45,,9070350
2025-09-04 13:47:56.657911+05:30,98.45,,9070350
2025-09-04 13:47:57.203434+05:30,98.7,,9070350
2025-09-04 13:47:57.458117+05:30,98.6,,9070350
2025-09-04 13:47:57.654540+05:30,98.4,,9070350
2025-09-04 13:47:58.211051+05:30,98.25,,9070350
2025-09-04 13:47:58.507435+05:30,98.0,,9070350
2025-09-04 13:47:58.683073+05:30,98.0,,9070350
2025-09-04 13:47:59.229065+05:30,98.4,,9070350
2025-09-04 13:47:59.475597+05:30,98.3,,9070350
2025-09-04 13:47:59.708965+05:30,98.35,,9070350
2025-09-04 13:48:00.428887+05:30,98.05,,9070350
2025-09-04 13:48:00.665177+05:30,98.15,,9070350
2025-09-04 13:48:01.407902+05:30,98.8,,9070350
2025-09-04 13:48:01.684317+05:30,98.6,,9070350
2025-09-04 13:48:02.453569+05:30,97.95,,9070350
2025-09-04 13:48:02.696783+05:30,97.75,,9070350
2025-09-04 13:48:03.212838+05:30,97.8,,9070350
2025-09-04 13:48:03.677908+05:30,98.45,,9070350
2025-09-04 13:48:04.247056+05:30,98.4,,9070350
2025-09-04 13:48:04.461718+05:30,98.25,,9070350
2025-09-04 13:48:04.678863+05:30,98.25,,9070350
2025-09-04 13:48:05.407665+05:30,98.45,,9070350
2025-09-04 13:48:05.656310+05:30,98.4,,9070350
2025-09-04 13:48:06.263082+05:30,98.45,,9070350
2025-09-04 13:48:06.451367+05:30,98.15,,9070350
2025-09-04 13:48:06.708479+05:30,98.3,,9070350
2025-09-04 13:48:07.184661+05:30,98.45,,9070350
2025-09-04 13:48:07.494875+05:30,98.45,,9070350
2025-09-04 13:48:07.656031+05:30,98.2,,9070350
2025-09-04 13:48:08.211044+05:30,98.3,,9070350
2025-09-04 13:48:08.427364+05:30,98.45,,9070350
2025-09-04 13:48:08.662032+05:30,98.5,,9070350
2025-09-04 13:48:09.261615+05:30,98.15,,9070350
2025-09-04 13:48:09.733551+05:30,98.35,,9070350
2025-09-04 13:48:10.764558+05:30,98.55,,9070350
2025-09-04 13:48:11.208059+05:30,98.7,,9070350
2025-09-04 13:48:11.542094+05:30,98.8,,9070350
2025-09-04 13:48:11.656829+05:30,98.85,,9070350
2025-09-04 13:48:12.452055+05:30,98.85,,9070350
2025-09-04 13:48:12.679242+05:30,99.0,,9070350
2025-09-04 13:48:13.237439+05:30,99.4,,9070350
2025-09-04 13:48:13.455200+05:30,99.8,,9070350
2025-09-04 13:48:13.661247+05:30,99.25,,9070350
2025-09-04 13:48:14.151626+05:30,99.45,,9070350
2025-09-04 13:48:14.501435+05:30,99.45,,9070350
2025-09-04 13:48:14.707862+05:30,99.5,,9070350
2025-09-04 13:48:15.474420+05:30,99.6,,9070350
2025-09-04 13:48:15.755657+05:30,99.75,,9070350
2025-09-04 13:48:16.470054+05:30,100.95,,9070350
2025-09-04 13:48:16.657434+05:30,100.7,,9070350
2025-09-04 13:48:17.447852+05:30,100.2,,9070350
2025-09-04 13:48:17.693723+05:30,100.35,,9070350
2025-09-04 13:48:17.970954+05:30,100.6,,9070350
2025-09-04 13:48:18.456177+05:30,100.7,,9070350
2025-09-04 13:48:18.679576+05:30,100.75,,9070350
2025-09-04 13:48:18.905944+05:30,100.6,,9070350
2025-09-04 13:48:19.407863+05:30,101.55,,9070350
2025-09-04 13:48:19.721387+05:30,101.45,,9070350
2025-09-04 13:48:20.477741+05:30,101.45,,9070350
2025-09-04 13:48:20.690337+05:30,101.5,,9070350
2025-09-04 13:48:21.435195+05:30,102.15,,9070350
2025-09-04 13:48:21.673366+05:30,101.8,,9070350
2025-09-04 13:48:22.432672+05:30,101.4,,9070350
2025-09-04 13:48:22.689136+05:30,101.6,,9070350
2025-09-04 13:48:22.968937+05:30,101.15,,9070350
2025-09-04 13:48:23.468173+05:30,101.8,,9070350
2025-09-04 13:48:23.651137+05:30,101.45,,9070350
2025-09-04 13:48:23.906343+05:30,101.7,,9070350
2025-09-04 13:48:24.444613+05:30,101.7,,9070350
2025-09-04 13:48:24.727435+05:30,101.95,,9070350
2025-09-04 13:48:25.454609+05:30,101.35,,9070350
2025-09-04 13:48:25.719944+05:30,101.6,,9070350
2025-09-04 13:48:26.412222+05:30,101.15,,9070350
2025-09-04 13:48:26.685017+05:30,100.95,,9070350
2025-09-04 13:48:27.263018+05:30,101.0,,9070350
2025-09-04 13:48:27.453321+05:30,101.25,,9070350
2025-09-04 13:48:27.669117+05:30,100.8,,9070350
2025-09-04 13:48:27.948776+05:30,101.2,,9070350
2025-09-04 13:48:28.466954+05:30,100.8,,9070350
2025-09-04 13:48:28.657771+05:30,100.35,,9070350
2025-09-04 13:48:29.444585+05:30,100.2,,9070350
2025-09-04 13:48:29.695589+05:30,100.4,,9070350
2025-09-04 13:48:30.490207+05:30,100.1,,9070350
2025-09-04 13:48:30.688519+05:30,100.4,,9070350
2025-09-04 13:48:31.202502+05:30,100.5,,9070350
2025-09-04 13:48:31.479672+05:30,100.2,,9070350
2025-09-04 13:48:31.655776+05:30,100.25,,9070350
2025-09-04 13:48:32.184249+05:30,100.1,,9070350
2025-09-04 13:48:32.447727+05:30,100.05,,9070350
2025-09-04 13:48:32.705353+05:30,100.25,,9070350
2025-09-04 13:48:33.500538+05:30,99.8,,9070350
2025-09-04 13:48:33.661100+05:30,100.05,,9070350
2025-09-04 13:48:34.474231+05:30,100.85,,9070350
2025-09-04 13:48:34.687793+05:30,100.0,,9070350
2025-09-04 13:48:35.481505+05:30,100.2,,9070350
2025-09-04 13:48:35.678937+05:30,100.4,,9070350
2025-09-04 13:48:35.905801+05:30,100.0,,9070350
2025-09-04 13:48:36.501585+05:30,100.35,,9070350
2025-09-04 13:48:36.702495+05:30,100.5,,9070350
2025-09-04 13:48:36.907723+05:30,100.2,,9070350
2025-09-04 13:48:37.710416+05:30,100.4,,9070350
2025-09-04 13:48:38.470569+05:30,101.5,,9070350
2025-09-04 13:48:38.656845+05:30,101.6,,9070350
2025-09-04 13:48:39.440719+05:30,101.4,,9070350
2025-09-04 13:48:39.676524+05:30,101.35,,9070350
2025-09-04 13:48:40.182565+05:30,101.3,,9070350
2025-09-04 13:48:40.431552+05:30,101.25,,9070350
2025-09-04 13:48:40.796392+05:30,101.4,,9070350
2025-09-04 13:48:40.900895+05:30,101.25,,9070350
2025-09-04 13:48:41.489238+05:30,101.4,,9070350
2025-09-04 13:48:41.693972+05:30,101.4,,9070350
2025-09-04 13:48:41.940737+05:30,101.3,,9070350
2025-09-04 13:48:42.466878+05:30,101.2,,9070350
2025-09-04 13:48:42.656803+05:30,101.55,,9070350
2025-09-04 13:48:43.498344+05:30,101.2,,9070350
2025-09-04 13:48:43.655706+05:30,101.3,,9070350
2025-09-04 13:48:44.201269+05:30,101.35,,9070350
2025-09-04 13:48:44.496537+05:30,101.1,,9070350
2025-09-04 13:48:44.710760+05:30,101.3,,9070350
2025-09-04 13:48:45.169345+05:30,101.05,,9070350
2025-09-04 13:48:45.474964+05:30,101.1,,9070350
2025-09-04 13:48:45.689259+05:30,101.15,,9070350
2025-09-04 13:48:46.676951+05:30,103.15,,9070350
2025-09-04 13:48:47.483880+05:30,102.35,,9070350
2025-09-04 13:48:47.677109+05:30,102.25,,9070350
2025-09-04 13:48:48.434739+05:30,102.25,,9070350
2025-09-04 13:48:48.672114+05:30,102.25,,9070350
2025-09-04 13:48:49.213112+05:30,102.75,,9070350
2025-09-04 13:48:49.494819+05:30,102.95,,9070350
2025-09-04 13:48:49.711112+05:30,102.5,,9070350
2025-09-04 13:48:50.436110+05:30,103.75,,9070350
2025-09-04 13:48:50.763800+05:30,103.7,,9070350
2025-09-04 13:48:51.657169+05:30,103.8,,9070350
2025-09-04 13:48:52.456829+05:30,104.0,,9070350
2025-09-04 13:48:52.710082+05:30,103.85,,9070350
2025-09-04 13:48:53.412169+05:30,104.9,,9070350
2025-09-04 13:48:53.690054+05:30,104.5,,9070350
2025-09-04 13:48:53.900852+05:30,104.65,,9070350
2025-09-04 13:48:54.517946+05:30,104.55,,9070350
2025-09-04 13:48:54.654972+05:30,105.0,,9070350
2025-09-04 13:48:55.223080+05:30,105.15,,9070350
2025-09-04 13:48:55.470295+05:30,104.6,,9070350
2025-09-04 13:48:55.651071+05:30,104.45,,9070350
2025-09-04 13:48:56.478406+05:30,104.25,,9070350
2025-09-04 13:48:56.694906+05:30,104.3,,9070350
2025-09-04 13:48:57.185339+05:30,104.2,,9070350
2025-09-04 13:48:57.431574+05:30,104.5,,9070350
2025-09-04 13:48:57.689190+05:30,104.55,,9070350
2025-09-04 13:48:58.228796+05:30,104.25,,9070350
2025-09-04 13:48:58.698508+05:30,104.35,,9070350
2025-09-04 13:48:58.905567+05:30,104.45,,9070350
2025-09-04 13:48:59.449164+05:30,104.6,,9070350
2025-09-04 13:48:59.656937+05:30,104.6,,9070350
2025-09-04 13:49:00.478962+05:30,104.9,,9070350
2025-09-04 13:49:00.755484+05:30,105.0,,9070350
2025-09-04 13:49:01.540372+05:30,105.15,,9070350
2025-09-04 13:49:01.678646+05:30,105.25,,9070350
2025-09-04 13:49:02.200375+05:30,105.15,,9070350
2025-09-04 13:49:02.497298+05:30,104.85,,9070350
2025-09-04 13:49:02.655644+05:30,105.2,,9070350
2025-09-04 13:49:03.220614+05:30,104.2,,9070350
2025-09-04 13:49:03.451595+05:30,104.55,,9070350
2025-09-04 13:49:03.657759+05:30,104.35,,9070350
2025-09-04 13:49:04.502755+05:30,105.0,,9070350
2025-09-04 13:49:04.745027+05:30,104.6,,9070350
2025-09-04 13:49:05.445392+05:30,104.7,,9070350
2025-09-04 13:49:05.656754+05:30,105.0,,9070350
2025-09-04 13:49:06.454125+05:30,104.55,,9070350
2025-09-04 13:49:06.658872+05:30,104.4,,9070350
2025-09-04 13:49:07.202017+05:30,104.25,,9070350
2025-09-04 13:49:07.494659+05:30,104.25,,9070350
2025-09-04 13:49:07.679246+05:30,103.25,,9070350
2025-09-04 13:49:08.249678+05:30,103.5,,9070350
2025-09-04 13:49:08.678825+05:30,103.05,,9070350
2025-09-04 13:49:09.513017+05:30,102.75,,9070350
2025-09-04 13:49:09.676890+05:30,103.3,,9070350
2025-09-04 13:49:10.429523+05:30,103.4,,9070350
2025-09-04 13:49:10.655982+05:30,103.9,,9070350
2025-09-04 13:49:11.522656+05:30,104.15,,9070350
2025-09-04 13:49:11.655498+05:30,104.2,,9070350
2025-09-04 13:49:12.694610+05:30,104.0,,9070350
2025-09-04 13:49:13.466441+05:30,104.1,,8743125
2025-09-04 13:49:13.682998+05:30,104.15,,8743125
2025-09-04 13:49:14.400947+05:30,104.0,,8743125
2025-09-04 13:49:14.704918+05:30,103.95,,8743125
2025-09-04 13:49:15.477598+05:30,104.5,,8743125
2025-09-04 13:49:15.672328+05:30,103.7,,8743125
2025-09-04 13:49:16.183377+05:30,102.9,,8743125
2025-09-04 13:49:16.477690+05:30,101.9,,8743125
2025-09-04 13:49:16.655605+05:30,101.75,,8743125
2025-09-04 13:49:16.905615+05:30,101.65,,8743125
2025-09-04 13:49:17.454583+05:30,101.75,,8743125
2025-09-04 13:49:17.651264+05:30,102.0,,8743125
2025-09-04 13:49:18.446060+05:30,101.85,,8743125
2025-09-04 13:49:18.666837+05:30,102.15,,8743125
2025-09-04 13:49:19.537352+05:30,101.9,,8743125
2025-09-04 13:49:19.688329+05:30,102.0,,8743125
2025-09-04 13:49:20.178804+05:30,101.95,,8743125
2025-09-04 13:49:20.483681+05:30,101.85,,8743125
2025-09-04 13:49:20.652111+05:30,102.4,,8743125
2025-09-04 13:49:21.211198+05:30,102.25,,8743125
2025-09-04 13:49:21.443537+05:30,101.75,,8743125
2025-09-04 13:49:21.681911+05:30,101.65,,8743125
2025-09-04 13:49:22.461941+05:30,101.35,,8743125
2025-09-04 13:49:22.685919+05:30,101.25,,8743125
2025-09-04 13:49:23.671634+05:30,100.4,,8743125
2025-09-04 13:49:24.432788+05:30,101.35,,8743125
2025-09-04 13:49:24.727633+05:30,101.65,,8743125
2025-09-04 13:49:25.206825+05:30,101.75,,8743125
2025-09-04 13:49:25.419018+05:30,102.1,,8743125
2025-09-04 13:49:25.697854+05:30,102.2,,8743125
2025-09-04 13:49:26.429637+05:30,102.05,,8743125
2025-09-04 13:49:26.652167+05:30,102.45,,8743125
2025-09-04 13:49:27.498515+05:30,102.7,,8743125
2025-09-04 13:49:27.650870+05:30,102.15,,8743125
2025-09-04 13:49:28.471786+05:30,102.2,,8743125
2025-09-04 13:49:28.719901+05:30,102.25,,8743125
2025-09-04 13:49:29.192778+05:30,102.3,,8743125
2025-09-04 13:49:29.534439+05:30,102.65,,8743125
2025-09-04 13:49:29.650320+05:30,102.45,,8743125
2025-09-04 13:49:29.905098+05:30,102.45,,8743125
2025-09-04 13:49:30.450093+05:30,102.35,,8743125
2025-09-04 13:49:30.679940+05:30,102.4,,8743125
2025-09-04 13:49:30.903046+05:30,102.35,,8743125
2025-09-04 13:49:31.457190+05:30,102.6,,8743125
2025-09-04 13:49:31.655220+05:30,102.55,,8743125
2025-09-04 13:49:32.456232+05:30,103.0,,8743125
2025-09-04 13:49:32.668114+05:30,102.95,,8743125
2025-09-04 13:49:33.515319+05:30,103.0,,8743125
2025-09-04 13:49:33.656897+05:30,103.35,,8743125
2025-09-04 13:49:34.240169+05:30,103.3,,8743125
2025-09-04 13:49:34.662665+05:30,102.9,,8743125
2025-09-04 13:49:35.655314+05:30,103.7,,8743125
2025-09-04 13:49:36.664377+05:30,103.85,,8743125
2025-09-04 13:49:37.201405+05:30,104.0,,8743125
2025-09-04 13:49:37.650540+05:30,103.95,,8743125
2025-09-04 13:49:38.176763+05:30,104.1,,8743125
2025-09-04 13:49:38.743084+05:30,103.8,,8743125
2025-09-04 13:49:39.200817+05:30,103.55,,8743125
2025-09-04 13:49:39.671577+05:30,103.6,,8743125
2025-09-04 13:49:40.667508+05:30,103.5,,8743125
2025-09-04 13:49:41.482460+05:30,103.2,,8743125
2025-09-04 13:49:41.666318+05:30,102.95,,8743125
2025-09-04 13:49:42.249559+05:30,102.45,,8743125
2025-09-04 13:49:42.751533+05:30,101.45,,8743125
2025-09-04 13:49:42.903266+05:30,101.1,,8743125
2025-09-04 13:49:43.693221+05:30,101.65,,8743125
2025-09-04 13:49:43.905008+05:30,101.75,,8743125
2025-09-04 13:49:44.653075+05:30,101.25,,8743125
2025-09-04 13:49:45.450712+05:30,101.3,,8743125
2025-09-04 13:49:45.708320+05:30,101.25,,8743125
2025-09-04 13:49:46.552566+05:30,101.0,,8743125
2025-09-04 13:49:46.656829+05:30,101.1,,8743125
2025-09-04 13:49:47.255571+05:30,101.45,,8743125
2025-09-04 13:49:47.674385+05:30,101.25,,8743125
2025-09-04 13:49:47.922625+05:30,101.5,,8743125
2025-09-04 13:49:48.730837+05:30,101.4,,8743125
2025-09-04 13:49:48.905083+05:30,101.25,,8743125
2025-09-04 13:49:49.555548+05:30,101.5,,8743125
2025-09-04 13:49:49.683997+05:30,101.5,,8743125
2025-09-04 13:49:50.495547+05:30,101.25,,8743125
2025-09-04 13:49:50.725545+05:30,101.6,,8743125
2025-09-04 13:49:51.170064+05:30,101.5,,8743125
2025-09-04 13:49:51.655239+05:30,101.6,,8743125
2025-09-04 13:49:52.244806+05:30,101.6,,8743125
2025-09-04 13:49:52.655725+05:30,101.5,,8743125
2025-09-04 13:49:52.907188+05:30,101.75,,8743125
2025-09-04 13:49:53.706192+05:30,101.95,,8743125
2025-09-04 13:49:54.480372+05:30,101.95,,8743125
2025-09-04 13:49:54.679902+05:30,102.15,,8743125
2025-09-04 13:49:55.224895+05:30,101.85,,8743125
2025-09-04 13:49:55.700366+05:30,102.2,,8743125
2025-09-04 13:49:56.221971+05:30,102.3,,8743125
2025-09-04 13:49:56.659969+05:30,102.05,,8743125
2025-09-04 13:49:56.948766+05:30,102.0,,8743125
2025-09-04 13:49:57.705362+05:30,101.75,,8743125
2025-09-04 13:49:58.655037+05:30,100.55,,8743125
2025-09-04 13:49:59.434413+05:30,101.25,,8743125
2025-09-04 13:49:59.678020+05:30,101.35,,8743125
2025-09-04 13:50:00.227325+05:30,101.2,,8743125
2025-09-04 13:50:00.687130+05:30,101.3,,8743125
2025-09-04 13:50:01.230621+05:30,101.6,,8743125
2025-09-04 13:50:01.650584+05:30,100.9,,8743125
2025-09-04 13:50:01.975758+05:30,100.95,,8743125
2025-09-04 13:50:02.695353+05:30,100.85,,8743125
2025-09-04 13:50:02.905112+05:30,101.0,,8743125
2025-09-04 13:50:03.677041+05:30,101.2,,8743125
2025-09-04 13:50:04.496012+05:30,100.8,,8743125
2025-09-04 13:50:04.699022+05:30,101.15,,8743125
2025-09-04 13:50:05.432131+05:30,101.3,,8743125
2025-09-04 13:50:05.715315+05:30,101.0,,8743125
2025-09-04 13:50:06.213762+05:30,100.9,,8743125
2025-09-04 13:50:06.656266+05:30,100.95,,8743125
2025-09-04 13:50:06.910183+05:30,100.85,,8743125
2025-09-04 13:50:07.670093+05:30,100.6,,8743125
2025-09-04 13:50:07.900821+05:30,100.8,,8743125
2025-09-04 13:50:08.655101+05:30,101.0,,8743125
2025-09-04 13:50:09.471458+05:30,101.1,,8743125
2025-09-04 13:50:09.676697+05:30,100.7,,8743125
2025-09-04 13:50:10.182823+05:30,100.85,,8743125
2025-09-04 13:50:10.684549+05:30,101.1,,8743125
2025-09-04 13:50:11.173738+05:30,100.65,,8743125
2025-09-04 13:50:11.700215+05:30,101.15,,8743125
2025-09-04 13:50:11.900778+05:30,101.0,,8743125
2025-09-04 13:50:12.693346+05:30,99.75,,8743125
2025-09-04 13:50:12.933579+05:30,100.05,,8743125
2025-09-04 13:50:13.706375+05:30,100.2,,8743125
2025-09-04 13:50:13.943722+05:30,100.0,,8743125
2025-09-04 13:50:14.691486+05:30,100.2,,8743125
2025-09-04 13:50:14.904724+05:30,100.2,,8743125
2025-09-04 13:50:15.181813+05:30,99.55,,8743125
2025-09-04 13:50:15.655768+05:30,99.5,,8743125
2025-09-04 13:50:16.196518+05:30,99.5,,8743125
2025-09-04 13:50:16.721049+05:30,99.55,,8743125
2025-09-04 13:50:16.905310+05:30,100.85,,8743125
2025-09-04 13:50:17.698157+05:30,101.8,,8743125
2025-09-04 13:50:17.921660+05:30,101.4,,8743125
2025-09-04 13:50:18.660919+05:30,101.1,,8743125
2025-09-04 13:50:19.687602+05:30,102.3,,8743125
2025-09-04 13:50:20.476026+05:30,102.85,,8743125
2025-09-04 13:50:20.654773+05:30,102.55,,8743125
2025-09-04 13:50:21.182998+05:30,102.85,,8743125
2025-09-04 13:50:21.655811+05:30,102.95,,8743125
2025-09-04 13:50:21.953158+05:30,103.6,,8743125
2025-09-04 13:50:22.697523+05:30,103.55,,8743125
2025-09-04 13:50:22.926742+05:30,103.6,,8743125
2025-09-04 13:50:23.516182+05:30,103.95,,8743125
2025-09-04 13:50:23.718912+05:30,104.0,,8743125
2025-09-04 13:50:24.450315+05:30,104.4,,8743125
2025-09-04 13:50:24.744771+05:30,104.15,,8743125
2025-09-04 13:50:25.156322+05:30,105.0,,8743125
2025-09-04 13:50:25.691702+05:30,105.1,,8743125
2025-09-04 13:50:26.225072+05:30,105.9,,8743125
2025-09-04 13:50:26.745498+05:30,105.75,,8743125
2025-09-04 13:50:26.904644+05:30,105.75,,8743125
2025-09-04 13:50:27.692805+05:30,105.85,,8743125
2025-09-04 13:50:28.469470+05:30,106.6,,8743125
2025-09-04 13:50:28.654801+05:30,105.3,,8743125
2025-09-04 13:50:29.472223+05:30,105.55,,8743125
2025-09-04 13:50:29.683293+05:30,105.45,,8743125
2025-09-04 13:50:30.201433+05:30,105.25,,8743125
2025-09-04 13:50:30.942795+05:30,105.0,,8743125
2025-09-04 13:50:31.192250+05:30,104.65,,8743125
2025-09-04 13:50:31.693007+05:30,104.7,,8743125
2025-09-04 13:50:31.955190+05:30,104.65,,8743125
2025-09-04 13:50:32.722807+05:30,104.25,,8743125
2025-09-04 13:50:33.428813+05:30,104.6,,8743125
2025-09-04 13:50:33.673277+05:30,104.4,,8743125
2025-09-04 13:50:34.527002+05:30,104.75,,8743125
2025-09-04 13:50:34.705800+05:30,104.6,,8743125
2025-09-04 13:50:35.174207+05:30,104.55,,8743125
2025-09-04 13:50:35.682951+05:30,104.45,,8743125
2025-09-04 13:50:36.160753+05:30,104.5,,8743125
2025-09-04 13:50:36.660799+05:30,104.4,,8743125
2025-09-04 13:50:36.909862+05:30,104.65,,8743125
2025-09-04 13:50:37.707622+05:30,104.65,,8743125
2025-09-04 13:50:38.441500+05:30,104.6,,8743125
2025-09-04 13:50:38.655391+05:30,104.45,,8743125
2025-09-04 13:50:39.433095+05:30,103.85,,8743125
2025-09-04 13:50:39.715965+05:30,103.5,,8743125
2025-09-04 13:50:40.194590+05:30,103.0,,8743125
2025-09-04 13:50:40.649743+05:30,103.3,,8743125
2025-09-04 13:50:40.948871+05:30,103.05,,8743125
2025-09-04 13:50:41.161715+05:30,103.1,,8743125
2025-09-04 13:50:41.732793+05:30,102.95,,8743125
2025-09-04 13:50:41.904645+05:30,102.85,,8743125
2025-09-04 13:50:42.650396+05:30,102.2,,8743125
2025-09-04 13:50:43.460618+05:30,101.7,,8743125
2025-09-04 13:50:43.710661+05:30,101.7,,8743125
2025-09-04 13:50:43.924331+05:30,101.7,,8743125
2025-09-04 13:50:44.196500+05:30,101.55,,8743125
2025-09-04 13:50:44.673708+05:30,102.0,,8743125
2025-09-04 13:50:44.900758+05:30,101.95,,8743125
2025-09-04 13:50:45.174689+05:30,101.85,,8743125
2025-09-04 13:50:45.682365+05:30,101.35,,8743125
2025-09-04 13:50:46.199127+05:30,101.85,,8743125
2025-09-04 13:50:46.654807+05:30,102.2,,8743125
2025-09-04 13:50:46.904941+05:30,102.25,,8743125
2025-09-04 13:50:47.698176+05:30,101.95,,8743125
2025-09-04 13:50:48.427072+05:30,100.85,,8743125
2025-09-04 13:50:48.933108+05:30,101.1,,8743125
2025-09-04 13:50:49.208021+05:30,101.1,,8743125
2025-09-04 13:50:49.703205+05:30,101.25,,8743125
2025-09-04 13:50:50.406033+05:30,101.15,,8743125
2025-09-04 13:50:50.734525+05:30,101.35,,8743125
2025-09-04 13:50:51.222320+05:30,101.45,,8743125
2025-09-04 13:50:51.682097+05:30,101.25,,8743125
2025-09-04 13:50:51.905881+05:30,101.2,,8743125
2025-09-04 13:50:52.713733+05:30,101.4,,8743125
2025-09-04 13:50:52.922392+05:30,101.65,,8743125
2025-09-04 13:50:53.489690+05:30,101.35,,8743125
2025-09-04 13:50:53.696187+05:30,101.15,,8743125
2025-09-04 13:50:54.178031+05:30,100.35,,8743125
2025-09-04 13:50:54.736836+05:30,100.7,,8743125
2025-09-04 13:50:55.174670+05:30,101.0,,8743125
2025-09-04 13:50:55.696302+05:30,101.0,,8743125
2025-09-04 13:50:56.209061+05:30,101.0,,8743125
2025-09-04 13:50:56.683026+05:30,101.15,,8743125
2025-09-04 13:50:57.775814+05:30,100.8,,8743125
2025-09-04 13:50:58.657740+05:30,101.45,,8743125
2025-09-04 13:50:58.904465+05:30,101.45,,8743125
2025-09-04 13:50:59.168384+05:30,101.65,,8743125
2025-09-04 13:50:59.654646+05:30,101.45,,8743125
2025-09-04 13:51:00.463947+05:30,101.1,,8743125
2025-09-04 13:51:00.704743+05:30,101.25,,8743125
2025-09-04 13:51:00.904764+05:30,99.95,,8743125
2025-09-04 13:51:01.154667+05:30,99.9,,8743125
2025-09-04 13:51:01.654430+05:30,99.85,,8743125
2025-09-04 13:51:01.904558+05:30,99.8,,8743125
2025-09-04 13:51:02.705001+05:30,100.35,,8743125
2025-09-04 13:51:03.492714+05:30,100.05,,8743125
2025-09-04 13:51:03.661432+05:30,99.95,,8743125
2025-09-04 13:51:04.465067+05:30,99.95,,8743125
2025-09-04 13:51:04.703723+05:30,99.65,,8743125
2025-09-04 13:51:05.460670+05:30,99.75,,8743125
2025-09-04 13:51:05.775930+05:30,99.9,,8743125
2025-09-04 13:51:06.223483+05:30,99.6,,8743125
2025-09-04 13:51:06.651089+05:30,99.0,,8743125
2025-09-04 13:51:07.695586+05:30,98.9,,8743125
2025-09-04 13:51:08.492479+05:30,98.15,,8743125
2025-09-04 13:51:08.710696+05:30,98.15,,8743125
2025-09-04 13:51:09.665572+05:30,98.4,,8743125
2025-09-04 13:51:09.904501+05:30,98.4,,8743125
2025-09-04 13:51:10.164127+05:30,98.55,,8743125
2025-09-04 13:51:10.670867+05:30,98.65,,8743125
2025-09-04 13:51:11.476350+05:30,98.8,,8743125
2025-09-04 13:51:11.655607+05:30,98.7,,8743125
2025-09-04 13:51:11.948738+05:30,98.2,,8743125
2025-09-04 13:51:12.704225+05:30,98.4,,8743125
2025-09-04 13:51:13.490922+05:30,99.5,,8743125
2025-09-04 13:51:13.959222+05:30,99.05,,8743125
2025-09-04 13:51:14.518028+05:30,99.7,,8743125
2025-09-04 13:51:14.666475+05:30,99.65,,8743125
2025-09-04 13:51:14.904828+05:30,99.5,,8743125
2025-09-04 13:51:15.695465+05:30,99.4,,8743125
2025-09-04 13:51:15.900323+05:30,99.85,,8743125
2025-09-04 13:51:16.682563+05:30,99.45,,8743125
2025-09-04 13:51:16.937229+05:30,99.4,,8743125
2025-09-04 13:51:17.716390+05:30,99.45,,8743125
2025-09-04 13:51:18.536575+05:30,99.3,,8743125
2025-09-04 13:51:18.649229+05:30,99.75,,8743125
2025-09-04 13:51:18.941955+05:30,99.65,,8743125
2025-09-04 13:51:19.431775+05:30,99.6,,8743125
2025-09-04 13:51:19.701935+05:30,99.45,,8743125
2025-09-04 13:51:19.904082+05:30,99.5,,8743125
2025-09-04 13:51:20.702995+05:30,98.5,,8743125
2025-09-04 13:51:20.920688+05:30,98.35,,8743125
2025-09-04 13:51:21.746421+05:30,98.55,,8743125
2025-09-04 13:51:21.958243+05:30,98.55,,8743125
2025-09-04 13:51:22.681265+05:30,98.0,,8743125
2025-09-04 13:51:23.426716+05:30,98.3,,8743125
2025-09-04 13:51:23.670580+05:30,98.2,,8743125
2025-09-04 13:51:23.929779+05:30,97.75,,8743125
2025-09-04 13:51:24.454564+05:30,97.35,,8743125
2025-09-04 13:51:24.694058+05:30,97.15,,8743125
2025-09-04 13:51:24.899805+05:30,97.0,,8743125
2025-09-04 13:51:25.675619+05:30,97.25,,8743125
2025-09-04 13:51:25.908155+05:30,97.25,,8743125
2025-09-04 13:51:26.687334+05:30,97.45,,8743125
2025-09-04 13:51:26.939065+05:30,97.5,,8743125
2025-09-04 13:51:27.698833+05:30,97.6,,8743125
2025-09-04 13:51:28.404344+05:30,97.35,,8743125
2025-09-04 13:51:28.710729+05:30,98.0,,8743125
2025-09-04 13:51:29.155440+05:30,98.3,,8743125
2025-09-04 13:51:29.654617+05:30,98.15,,8743125
2025-09-04 13:51:29.909232+05:30,97.75,,8743125
2025-09-04 13:51:30.156841+05:30,97.9,,8743125
2025-09-04 13:51:30.681840+05:30,98.35,,8743125
2025-09-04 13:51:30.901950+05:30,98.6,,8743125
2025-09-04 13:51:31.667266+05:30,98.9,,8743125
2025-09-04 13:51:32.649057+05:30,98.65,,8743125
2025-09-04 13:51:33.154483+05:30,98.9,,8743125
2025-09-04 13:51:33.652937+05:30,98.5,,8743125
2025-09-04 13:51:34.173229+05:30,98.7,,8743125
2025-09-04 13:51:34.681776+05:30,98.9,,8743125
2025-09-04 13:51:34.904170+05:30,98.9,,8743125
2025-09-04 13:51:35.704048+05:30,99.1,,8743125
2025-09-04 13:51:35.932791+05:30,99.05,,8743125
2025-09-04 13:51:36.155659+05:30,98.85,,8743125
2025-09-04 13:51:36.672428+05:30,99.15,,8743125
2025-09-04 13:51:37.724179+05:30,99.15,,8743125
2025-09-04 13:51:37.899999+05:30,99.1,,8743125
2025-09-04 13:51:38.167030+05:30,99.4,,8743125
2025-09-04 13:51:38.698190+05:30,99.85,,8743125
2025-09-04 13:51:38.938231+05:30,99.6,,8743125
2025-09-04 13:51:39.427826+05:30,99.65,,8743125
2025-09-04 13:51:39.740851+05:30,99.55,,8743125
2025-09-04 13:51:39.908655+05:30,99.35,,8743125
2025-09-04 13:51:40.705860+05:30,99.55,,8743125
2025-09-04 13:51:40.932119+05:30,99.6,,8743125
2025-09-04 13:51:41.713505+05:30,99.7,,8743125
2025-09-04 13:51:41.909385+05:30,99.55,,8743125
2025-09-04 13:51:42.525257+05:30,99.4,,8743125
2025-09-04 13:51:42.730586+05:30,99.5,,8743125
2025-09-04 13:51:42.904067+05:30,99.1,,8743125
2025-09-04 13:51:43.155730+05:30,98.9,,8743125
2025-09-04 13:51:43.653957+05:30,98.8,,8743125
2025-09-04 13:51:44.002736+05:30,98.95,,8743125
2025-09-04 13:51:44.447686+05:30,98.45,,8743125
2025-09-04 13:51:44.677733+05:30,99.0,,8743125
2025-09-04 13:51:45.671151+05:30,99.25,,8743125
2025-09-04 13:51:46.503344+05:30,99.65,,8743125
2025-09-04 13:51:46.714572+05:30,99.8,,8743125
2025-09-04 13:51:46.903866+05:30,99.55,,8743125
2025-09-04 13:51:47.446701+05:30,99.75,,8743125
2025-09-04 13:51:47.667305+05:30,99.35,,8743125
2025-09-04 13:51:47.903917+05:30,99.5,,8743125
2025-09-04 13:51:48.674476+05:30,99.75,,8743125
2025-09-04 13:51:48.948243+05:30,99.55,,8743125
2025-09-04 13:51:49.687082+05:30,100.0,,8743125
2025-09-04 13:51:49.903907+05:30,100.15,,8743125
2025-09-04 13:51:50.683136+05:30,100.2,,8743125
2025-09-04 13:51:50.953213+05:30,99.8,,8743125
2025-09-04 13:51:51.176529+05:30,99.5,,8743125
2025-09-04 13:51:51.760493+05:30,99.75,,8743125
2025-09-04 13:51:52.446891+05:30,98.75,,8743125
2025-09-04 13:51:52.662867+05:30,98.8,,8743125
2025-09-04 13:51:53.688594+05:30,98.9,,8743125
2025-09-04 13:51:53.899004+05:30,97.9,,8743125
2025-09-04 13:51:54.680287+05:30,97.35,,8743125
2025-09-04 13:51:54.931873+05:30,97.3,,8743125
2025-09-04 13:51:55.786419+05:30,97.4,,8743125
2025-09-04 13:51:55.947843+05:30,97.85,,8743125
2025-09-04 13:51:56.438162+05:30,97.85,,8743125
2025-09-04 13:51:56.688672+05:30,98.0,,8743125
2025-09-04 13:51:56.903779+05:30,97.85,,8743125
2025-09-04 13:51:57.457658+05:30,97.95,,8743125
2025-09-04 13:51:57.671522+05:30,97.9,,8743125
2025-09-04 13:51:57.903775+05:30,97.7,,8743125
2025-09-04 13:51:58.699607+05:30,97.65,,8743125
2025-09-04 13:51:58.925137+05:30,97.6,,8743125
2025-09-04 13:51:59.649275+05:30,97.6,,8743125
2025-09-04 13:52:00.938765+05:30,97.2,,8743125
2025-09-04 13:52:01.482815+05:30,96.85,,8743125
2025-09-04 13:52:01.670068+05:30,96.75,,8743125
2025-09-04 13:52:01.904434+05:30,96.75,,8743125
2025-09-04 13:52:02.454936+05:30,96.45,,8743125
2025-09-04 13:52:02.903767+05:30,96.4,,8743125
2025-09-04 13:52:03.655872+05:30,96.2,,8743125
2025-09-04 13:52:03.954222+05:30,96.35,,8743125
2025-09-04 13:52:04.212571+05:30,96.55,,8743125
2025-09-04 13:52:04.703492+05:30,96.2,,8743125
2025-09-04 13:52:04.927099+05:30,96.0,,8743125
2025-09-04 13:52:05.741667+05:30,95.45,,8743125
2025-09-04 13:52:06.466936+05:30,95.15,,8743125
2025-09-04 13:52:06.762855+05:30,95.25,,8743125
2025-09-04 13:52:07.486103+05:30,95.05,,8743125
2025-09-04 13:52:07.661216+05:30,95.2,,8743125
2025-09-04 13:52:07.909549+05:30,94.7,,8743125
2025-09-04 13:52:08.670399+05:30,94.7,,8743125
2025-09-04 13:52:08.938361+05:30,94.2,,8743125
2025-09-04 13:52:09.195975+05:30,94.25,,8743125
2025-09-04 13:52:09.698268+05:30,93.55,,8743125
2025-09-04 13:52:09.909907+05:30,94.1,,8743125
2025-09-04 13:52:10.655367+05:30,93.9,,8743125
2025-09-04 13:52:10.952477+05:30,93.85,,8743125
2025-09-04 13:52:11.438887+05:30,94.25,,8743125
2025-09-04 13:52:11.719356+05:30,94.5,,8743125
2025-09-04 13:52:11.903680+05:30,94.4,,8743125
2025-09-04 13:52:12.499289+05:30,94.85,,8743125
2025-09-04 13:52:12.719589+05:30,95.05,,8743125
2025-09-04 13:52:12.903759+05:30,95.05,,8743125
2025-09-04 13:52:13.754526+05:30,95.4,,8743125
2025-09-04 13:52:13.925153+05:30,94.9,,8743125
2025-09-04 13:52:14.210253+05:30,94.8,,8743125
2025-09-04 13:52:14.697644+05:30,95.2,,8279550
2025-09-04 13:52:15.749166+05:30,95.05,,8279550
2025-09-04 13:52:15.904039+05:30,94.85,,8279550
2025-09-04 13:52:16.470608+05:30,94.45,,8279550
2025-09-04 13:52:16.674427+05:30,94.55,,8279550
2025-09-04 13:52:16.898596+05:30,94.8,,8279550
2025-09-04 13:52:17.700987+05:30,95.2,,8279550
2025-09-04 13:52:17.903590+05:30,95.05,,8279550
2025-09-04 13:52:18.672853+05:30,95.0,,8279550
2025-09-04 13:52:18.906601+05:30,94.8,,8279550
2025-09-04 13:52:19.264390+05:30,95.05,,8279550
2025-09-04 13:52:19.693886+05:30,95.4,,8279550
2025-09-04 13:52:19.903674+05:30,95.6,,8279550
2025-09-04 13:52:20.691591+05:30,95.25,,8279550
2025-09-04 13:52:20.920659+05:30,95.2,,8279550
2025-09-04 13:52:21.470436+05:30,94.0,,8279550
2025-09-04 13:52:21.689318+05:30,94.3,,8279550
2025-09-04 13:52:21.904825+05:30,94.3,,8279550
2025-09-04 13:52:22.514956+05:30,93.35,,8279550
2025-09-04 13:52:22.683010+05:30,92.75,,8279550
2025-09-04 13:52:22.899831+05:30,92.75,,8279550
2025-09-04 13:52:23.740893+05:30,92.3,,8279550
2025-09-04 13:52:23.904726+05:30,92.0,,8279550
2025-09-04 13:52:24.252906+05:30,92.15,,8279550
2025-09-04 13:52:24.692284+05:30,93.0,,8279550
2025-09-04 13:52:24.932548+05:30,92.95,,8279550
2025-09-04 13:52:25.738692+05:30,93.35,,8279550
2025-09-04 13:52:25.900239+05:30,93.2,,8279550
2025-09-04 13:52:26.519610+05:30,93.05,,8279550
2025-09-04 13:52:26.695606+05:30,92.8,,8279550
2025-09-04 13:52:26.903489+05:30,92.75,,8279550
2025-09-04 13:52:27.654003+05:30,93.05,,8279550
2025-09-04 13:52:27.905306+05:30,93.0,,8279550
2025-09-04 13:52:28.688414+05:30,92.95,,8279550
2025-09-04 13:52:28.913981+05:30,92.8,,8279550
2025-09-04 13:52:29.241990+05:30,92.7,,8279550
2025-09-04 13:52:29.713597+05:30,92.6,,8279550
2025-09-04 13:52:29.905416+05:30,92.5,,8279550
2025-09-04 13:52:30.920033+05:30,93.65,,8279550
2025-09-04 13:52:31.446561+05:30,93.6,,8279550
2025-09-04 13:52:31.727644+05:30,93.15,,8279550
2025-09-04 13:52:31.904604+05:30,92.9,,8279550
2025-09-04 13:52:32.418209+05:30,92.75,,8279550
2025-09-04 13:52:32.713177+05:30,92.75,,8279550
2025-09-04 13:52:32.909851+05:30,92.7,,8279550
2025-09-04 13:52:33.759591+05:30,92.0,,8279550
2025-09-04 13:52:33.933667+05:30,91.9,,8279550
2025-09-04 13:52:34.254017+05:30,92.3,,8279550
2025-09-04 13:52:34.724505+05:30,93.15,,8279550
2025-09-04 13:52:34.903749+05:30,93.0,,8279550
2025-09-04 13:52:35.722884+05:30,92.8,,8279550
2025-09-04 13:52:35.905558+05:30,92.7,,8279550
2025-09-04 13:52:36.491994+05:30,92.15,,8279550
2025-09-04 13:52:36.789798+05:30,92.0,,8279550
2025-09-04 13:52:36.903576+05:30,91.9,,8279550
2025-09-04 13:52:37.462597+05:30,91.9,,8279550
2025-09-04 13:52:37.699105+05:30,92.0,,8279550
2025-09-04 13:52:37.903703+05:30,92.0,,8279550
2025-09-04 13:52:38.679902+05:30,92.0,,8279550
2025-09-04 13:52:38.943617+05:30,92.2,,8279550
2025-09-04 13:52:39.208044+05:30,92.35,,8279550
2025-09-04 13:52:39.681034+05:30,92.35,,8279550
2025-09-04 13:52:39.908604+05:30,92.5,,8279550
2025-09-04 13:52:40.658304+05:30,93.3,,8279550
2025-09-04 13:52:40.925471+05:30,93.25,,8279550
2025-09-04 13:52:41.471841+05:30,92.8,,8279550
2025-09-04 13:52:41.697120+05:30,93.25,,8279550
2025-09-04 13:52:41.908658+05:30,93.0,,8279550
2025-09-04 13:52:42.441177+05:30,93.05,,8279550
2025-09-04 13:52:42.670886+05:30,92.95,,8279550
2025-09-04 13:52:42.903301+05:30,92.95,,8279550
2025-09-04 13:52:43.808703+05:30,93.2,,8279550
2025-09-04 13:52:43.985384+05:30,92.85,,8279550
2025-09-04 13:52:44.210317+05:30,93.05,,8279550
2025-09-04 13:52:44.693813+05:30,93.4,,8279550
2025-09-04 13:52:44.906758+05:30,93.6,,8279550
2025-09-04 13:52:45.685886+05:30,93.4,,8279550
2025-09-04 13:52:45.930566+05:30,93.4,,8279550
2025-09-04 13:52:46.449324+05:30,93.25,,8279550
2025-09-04 13:52:46.720153+05:30,93.6,,8279550
2025-09-04 13:52:46.898218+05:30,94.6,,8279550
2025-09-04 13:52:47.704710+05:30,94.4,,8279550
2025-09-04 13:52:47.904773+05:30,94.4,,8279550
2025-09-04 13:52:48.794517+05:30,94.45,,8279550
2025-09-04 13:52:48.935818+05:30,94.4,,8279550
2025-09-04 13:52:49.237799+05:30,94.35,,8279550
2025-09-04 13:52:49.504815+05:30,94.1,,8279550
2025-09-04 13:52:49.680864+05:30,93.85,,8279550
2025-09-04 13:52:49.903429+05:30,93.8,,8279550
2025-09-04 13:52:50.650013+05:30,94.25,,8279550
2025-09-04 13:52:50.920137+05:30,94.05,,8279550
2025-09-04 13:52:51.490633+05:30,94.35,,8279550
2025-09-04 13:52:51.701051+05:30,94.25,,8279550
2025-09-04 13:52:51.898964+05:30,94.2,,8279550
2025-09-04 13:52:52.197919+05:30,94.05,,8279550
2025-09-04 13:52:52.695980+05:30,94.45,,8279550
2025-09-04 13:52:52.903672+05:30,94.55,,8279550
2025-09-04 13:52:53.702382+05:30,95.25,,8279550
2025-09-04 13:52:53.904409+05:30,95.55,,8279550
2025-09-04 13:52:54.180851+05:30,95.4,,8279550
2025-09-04 13:52:54.454160+05:30,95.25,,8279550
2025-09-04 13:52:54.712643+05:30,95.1,,8279550
2025-09-04 13:52:54.903578+05:30,95.2,,8279550
2025-09-04 13:52:55.705633+05:30,95.4,,8279550
2025-09-04 13:52:55.919054+05:30,95.3,,8279550
2025-09-04 13:52:56.502134+05:30,94.8,,8279550
2025-09-04 13:52:56.653395+05:30,95.1,,8279550
2025-09-04 13:52:56.903260+05:30,95.1,,8279550
2025-09-04 13:52:57.182433+05:30,96.0,,8279550
2025-09-04 13:52:57.719869+05:30,95.95,,8279550
2025-09-04 13:52:57.903210+05:30,96.0,,8279550
2025-09-04 13:52:58.686330+05:30,95.2,,8279550
2025-09-04 13:52:58.910736+05:30,95.55,,8279550
2025-09-04 13:52:59.199961+05:30,95.5,,8279550
2025-09-04 13:52:59.449179+05:30,95.8,,8279550
2025-09-04 13:52:59.670513+05:30,95.7,,8279550
2025-09-04 13:52:59.898110+05:30,95.65,,8279550
2025-09-04 13:53:00.697573+05:30,95.5,,8279550
2025-09-04 13:53:00.920084+05:30,95.3,,8279550
2025-09-04 13:53:01.409844+05:30,95.3,,8279550
2025-09-04 13:53:01.753493+05:30,95.5,,8279550
2025-09-04 13:53:01.903307+05:30,95.35,,8279550
2025-09-04 13:53:02.447432+05:30,95.3,,8279550
2025-09-04 13:53:02.691340+05:30,95.4,,8279550
2025-09-04 13:53:02.903272+05:30,95.5,,8279550
2025-09-04 13:53:03.653430+05:30,95.8,,8279550
2025-09-04 13:53:03.946241+05:30,96.2,,8279550
2025-09-04 13:53:04.198026+05:30,96.55,,8279550
2025-09-04 13:53:04.424940+05:30,96.2,,8279550
2025-09-04 13:53:04.680942+05:30,96.4,,8279550
2025-09-04 13:53:04.903167+05:30,96.25,,8279550
2025-09-04 13:53:05.726747+05:30,96.45,,8279550
2025-09-04 13:53:05.921298+05:30,96.3,,8279550
2025-09-04 13:53:06.481131+05:30,95.85,,8279550
2025-09-04 13:53:06.697621+05:30,95.9,,8279550
2025-09-04 13:53:06.898811+05:30,96.05,,8279550
2025-09-04 13:53:07.163568+05:30,96.2,,8279550
2025-09-04 13:53:07.740436+05:30,96.2,,8279550
2025-09-04 13:53:07.903145+05:30,96.25,,8279550
2025-09-04 13:53:08.675114+05:30,96.0,,8279550
2025-09-04 13:53:08.957696+05:30,96.15,,8279550
2025-09-04 13:53:09.212610+05:30,96.1,,8279550
2025-09-04 13:53:09.724707+05:30,95.9,,8279550
2025-09-04 13:53:09.903342+05:30,96.05,,8279550
2025-09-04 13:53:10.770702+05:30,96.2,,8279550
2025-09-04 13:53:10.926301+05:30,96.35,,8279550
2025-09-04 13:53:11.154490+05:30,96.2,,8279550
2025-09-04 13:53:11.744038+05:30,96.3,,8279550
2025-09-04 13:53:11.903146+05:30,96.4,,8279550
2025-09-04 13:53:12.433816+05:30,96.35,,8279550
2025-09-04 13:53:12.721619+05:30,96.35,,8279550
2025-09-04 13:53:12.904638+05:30,96.2,,8279550
2025-09-04 13:53:13.723646+05:30,95.65,,8279550
2025-09-04 13:53:13.952463+05:30,95.4,,8279550
2025-09-04 13:53:14.183207+05:30,94.95,,8279550
2025-09-04 13:53:14.449769+05:30,94.45,,8279550
2025-09-04 13:53:14.704070+05:30,94.55,,8279550
2025-09-04 13:53:14.903080+05:30,94.6,,8279550
2025-09-04 13:53:15.740676+05:30,94.35,,8279550
2025-09-04 13:53:15.919337+05:30,94.25,,8279550
2025-09-04 13:53:16.503741+05:30,93.85,,8279550
2025-09-04 13:53:16.694051+05:30,93.95,,8279550
2025-09-04 13:53:16.903131+05:30,94.25,,8279550
2025-09-04 13:53:17.403417+05:30,94.05,,8279550
2025-09-04 13:53:17.685841+05:30,94.25,,8279550
2025-09-04 13:53:17.903075+05:30,94.35,,8279550
2025-09-04 13:53:18.653262+05:30,94.4,,8279550
2025-09-04 13:53:18.969458+05:30,94.1,,8279550
2025-09-04 13:53:19.442195+05:30,94.4,,8279550
2025-09-04 13:53:19.772308+05:30,94.05,,8279550
2025-09-04 13:53:19.902992+05:30,94.3,,8279550
2025-09-04 13:53:20.715427+05:30,93.95,,8279550
2025-09-04 13:53:20.925484+05:30,93.6,,8279550
2025-09-04 13:53:21.663431+05:30,93.4,,8279550
2025-09-04 13:53:21.903620+05:30,93.25,,8279550
2025-09-04 13:53:22.744984+05:30,93.4,,8279550
2025-09-04 13:53:22.903306+05:30,93.1,,8279550
2025-09-04 13:53:23.692308+05:30,93.2,,8279550
2025-09-04 13:53:23.916750+05:30,93.1,,8279550
2025-09-04 13:53:24.404720+05:30,93.1,,8279550
2025-09-04 13:53:24.727014+05:30,92.75,,8279550
2025-09-04 13:53:24.903815+05:30,92.75,,8279550
2025-09-04 13:53:25.755584+05:30,92.0,,8279550
2025-09-04 13:53:25.928019+05:30,91.65,,8279550
2025-09-04 13:53:26.524588+05:30,91.3,,8279550
2025-09-04 13:53:26.676883+05:30,91.6,,8279550
2025-09-04 13:53:26.906658+05:30,91.5,,8279550
2025-09-04 13:53:27.424911+05:30,91.6,,8279550
2025-09-04 13:53:27.698772+05:30,91.7,,8279550
2025-09-04 13:53:27.902965+05:30,91.25,,8279550
2025-09-04 13:53:28.740183+05:30,91.4,,8279550
2025-09-04 13:53:29.000045+05:30,91.4,,8279550
2025-09-04 13:53:29.188720+05:30,91.7,,8279550
2025-09-04 13:53:29.672672+05:30,91.9,,8279550
2025-09-04 13:53:29.915549+05:30,91.9,,8279550
2025-09-04 13:53:30.700145+05:30,92.0,,8279550
2025-09-04 13:53:30.945144+05:30,91.65,,8279550
2025-09-04 13:53:31.441985+05:30,92.5,,8279550
2025-09-04 13:53:31.712956+05:30,92.45,,8279550
2025-09-04 13:53:31.915298+05:30,92.25,,8279550
2025-09-04 13:53:32.719353+05:30,92.35,,8279550
2025-09-04 13:53:32.903213+05:30,92.75,,8279550
2025-09-04 13:53:33.706673+05:30,93.0,,8279550
2025-09-04 13:53:33.931854+05:30,93.3,,8279550
2025-09-04 13:53:34.449097+05:30,93.0,,8279550
2025-09-04 13:53:34.708778+05:30,93.35,,8279550
2025-09-04 13:53:34.902932+05:30,93.75,,8279550
2025-09-04 13:53:35.692085+05:30,93.65,,8279550
2025-09-04 13:53:35.952932+05:30,93.75,,8279550
2025-09-04 13:53:36.653089+05:30,93.85,,8279550
2025-09-04 13:53:36.902983+05:30,94.15,,8279550
2025-09-04 13:53:37.449421+05:30,94.4,,8279550
2025-09-04 13:53:37.692254+05:30,94.25,,8279550
2025-09-04 13:53:37.902911+05:30,93.85,,8279550
2025-09-04 13:53:38.724327+05:30,93.95,,8279550
2025-09-04 13:53:38.931705+05:30,94.05,,8279550
2025-09-04 13:53:39.498020+05:30,94.15,,8279550
2025-09-04 13:53:39.714591+05:30,94.0,,8279550
2025-09-04 13:53:39.903167+05:30,93.95,,8279550
2025-09-04 13:53:40.693565+05:30,94.8,,8279550
2025-09-04 13:53:40.925015+05:30,94.75,,8279550
2025-09-04 13:53:41.538805+05:30,94.7,,8279550
2025-09-04 13:53:41.756824+05:30,94.5,,8279550
2025-09-04 13:53:41.947415+05:30,94.6,,8279550
2025-09-04 13:53:42.498740+05:30,94.1,,8279550
2025-09-04 13:53:42.697555+05:30,94.55,,8279550
2025-09-04 13:53:42.903573+05:30,94.45,,8279550
2025-09-04 13:53:43.723374+05:30,94.45,,8279550
2025-09-04 13:53:43.937159+05:30,94.6,,8279550
2025-09-04 13:53:44.203188+05:30,94.55,,8279550
2025-09-04 13:53:44.684123+05:30,95.0,,8279550
2025-09-04 13:53:44.967866+05:30,95.0,,8279550
2025-09-04 13:53:45.698783+05:30,94.8,,8279550
2025-09-04 13:53:45.951437+05:30,94.45,,8279550
2025-09-04 13:53:46.710177+05:30,94.7,,8279550
2025-09-04 13:53:46.897864+05:30,94.9,,8279550
2025-09-04 13:53:47.463330+05:30,95.0,,8279550
2025-09-04 13:53:47.703643+05:30,94.8,,8279550
2025-09-04 13:53:47.902947+05:30,95.1,,8279550
2025-09-04 13:53:48.746297+05:30,95.25,,8279550
2025-09-04 13:53:48.936201+05:30,95.4,,8279550
2025-09-04 13:53:49.433915+05:30,95.15,,8279550
2025-09-04 13:53:49.676961+05:30,95.0,,8279550
2025-09-04 13:53:49.903218+05:30,95.0,,8279550
2025-09-04 13:53:50.694376+05:30,95.3,,8279550
2025-09-04 13:53:50.952581+05:30,95.05,,8279550
2025-09-04 13:53:51.416571+05:30,95.15,,8279550
2025-09-04 13:53:51.907906+05:30,95.1,,8279550
2025-09-04 13:53:52.182919+05:30,95.0,,8279550
2025-09-04 13:53:52.657814+05:30,95.15,,8279550
2025-09-04 13:53:52.935763+05:30,95.15,,8279550
2025-09-04 13:53:53.208721+05:30,95.1,,8279550
2025-09-04 13:53:53.801636+05:30,94.25,,8279550
2025-09-04 13:53:53.919308+05:30,94.45,,8279550
2025-09-04 13:53:54.242201+05:30,94.5,,8279550
2025-09-04 13:53:54.689145+05:30,94.1,,8279550
2025-09-04 13:53:54.902869+05:30,94.15,,8279550
2025-09-04 13:53:55.726509+05:30,93.85,,8279550
2025-09-04 13:53:55.902936+05:30,93.9,,8279550
2025-09-04 13:53:56.443330+05:30,93.75,,8279550
2025-09-04 13:53:56.675855+05:30,94.0,,8279550
2025-09-04 13:53:56.903815+05:30,93.8,,8279550
2025-09-04 13:53:57.215060+05:30,94.0,,8279550
2025-09-04 13:53:57.681734+05:30,93.8,,8279550
2025-09-04 13:53:57.903403+05:30,93.75,,8279550
2025-09-04 13:53:58.248713+05:30,93.75,,8279550
2025-09-04 13:53:58.718033+05:30,93.75,,8279550
2025-09-04 13:53:58.924681+05:30,93.65,,8279550
2025-09-04 13:53:59.251332+05:30,93.35,,8279550
2025-09-04 13:53:59.717958+05:30,93.65,,8279550
2025-09-04 13:53:59.931597+05:30,93.7,,8279550
2025-09-04 13:54:00.898923+05:30,93.75,,8279550
2025-09-04 13:54:01.171282+05:30,93.75,,8279550
2025-09-04 13:54:01.759096+05:30,94.0,,8279550
2025-09-04 13:54:01.898740+05:30,94.05,,8279550
2025-09-04 13:54:02.412809+05:30,93.5,,8279550
2025-09-04 13:54:02.697198+05:30,94.2,,8279550
2025-09-04 13:54:02.903108+05:30,94.05,,8279550
2025-09-04 13:54:03.181564+05:30,94.05,,8279550
2025-09-04 13:54:03.685614+05:30,93.95,,8279550
2025-09-04 13:54:03.919239+05:30,93.5,,8279550
2025-09-04 13:54:04.706490+05:30,92.7,,8279550
2025-09-04 13:54:04.903126+05:30,92.95,,8279550
2025-09-04 13:54:05.696860+05:30,93.1,,8279550
2025-09-04 13:54:05.903043+05:30,93.2,,8279550
2025-09-04 13:54:06.175797+05:30,93.35,,8279550
2025-09-04 13:54:06.740346+05:30,93.6,,8279550
2025-09-04 13:54:06.902674+05:30,93.55,,8279550
2025-09-04 13:54:07.457721+05:30,93.5,,8279550
2025-09-04 13:54:07.698712+05:30,93.7,,8279550
2025-09-04 13:54:07.945988+05:30,93.55,,8279550
2025-09-04 13:54:08.242198+05:30,93.6,,8279550
2025-09-04 13:54:08.778942+05:30,93.65,,8279550
2025-09-04 13:54:08.925185+05:30,93.4,,8279550
2025-09-04 13:54:09.685237+05:30,93.15,,8279550
2025-09-04 13:54:09.961340+05:30,93.3,,8279550
2025-09-04 13:54:10.729654+05:30,93.35,,8279550
2025-09-04 13:54:10.898345+05:30,93.65,,8279550
2025-09-04 13:54:11.524622+05:30,93.35,,8279550
2025-09-04 13:54:11.693579+05:30,93.8,,8279550
2025-09-04 13:54:11.907679+05:30,93.7,,8279550
2025-09-04 13:54:12.529667+05:30,93.3,,8279550
2025-09-04 13:54:12.715282+05:30,93.3,,8279550
2025-09-04 13:54:12.898989+05:30,93.25,,8279550
2025-09-04 13:54:13.157362+05:30,93.25,,8279550
2025-09-04 13:54:13.684383+05:30,93.45,,8279550
2025-09-04 13:54:13.897478+05:30,93.45,,8279550
2025-09-04 13:54:14.226278+05:30,93.5,,8279550
2025-09-04 13:54:14.684614+05:30,93.35,,8279550
2025-09-04 13:54:14.991212+05:30,93.35,,8279550
2025-09-04 13:54:15.713939+05:30,93.3,,8279550
2025-09-04 13:54:15.902795+05:30,93.4,,8279550
2025-09-04 13:54:16.170377+05:30,93.15,,8279550
2025-09-04 13:54:16.695220+05:30,92.8,,8279550
2025-09-04 13:54:16.939934+05:30,92.65,,8279550
2025-09-04 13:54:17.398868+05:30,92.45,,8279550
2025-09-04 13:54:17.749516+05:30,92.8,,8279550
2025-09-04 13:54:17.946981+05:30,92.6,,8279550
2025-09-04 13:54:18.179805+05:30,93.1,,8279550
2025-09-04 13:54:18.695779+05:30,92.65,,8279550
2025-09-04 13:54:18.966856+05:30,92.95,,8279550
2025-09-04 13:54:19.736752+05:30,92.8,,8279550
2025-09-04 13:54:19.967648+05:30,92.75,,8279550
2025-09-04 13:54:20.728095+05:30,92.65,,8279550
2025-09-04 13:54:20.897788+05:30,92.8,,8279550
2025-09-04 13:54:21.429957+05:30,93.3,,8279550
2025-09-04 13:54:21.733914+05:30,93.2,,8279550
2025-09-04 13:54:21.902387+05:30,93.45,,8279550
2025-09-04 13:54:22.425008+05:30,92.85,,8279550
2025-09-04 13:54:22.667868+05:30,92.35,,8279550
2025-09-04 13:54:22.897893+05:30,92.3,,8279550
2025-09-04 13:54:23.154170+05:30,92.4,,8279550
2025-09-04 13:54:23.704676+05:30,92.6,,8279550
2025-09-04 13:54:23.907236+05:30,92.75,,8279550
2025-09-04 13:54:24.739632+05:30,92.55,,8279550
2025-09-04 13:54:24.898918+05:30,92.35,,8279550
2025-09-04 13:54:25.698703+05:30,92.2,,8279550
2025-09-04 13:54:25.902377+05:30,92.2,,8279550
2025-09-04 13:54:26.190280+05:30,92.35,,8279550
2025-09-04 13:54:26.716108+05:30,92.2,,8279550
2025-09-04 13:54:26.902329+05:30,92.05,,8279550
2025-09-04 13:54:27.468320+05:30,92.0,,8279550
2025-09-04 13:54:27.648363+05:30,92.15,,8279550
2025-09-04 13:54:27.902616+05:30,92.5,,8279550
2025-09-04 13:54:28.154411+05:30,92.4,,8279550
2025-09-04 13:54:28.697065+05:30,92.45,,8279550
2025-09-04 13:54:28.923721+05:30,92.45,,8279550
2025-09-04 13:54:29.727719+05:30,92.35,,8279550
2025-09-04 13:54:29.902833+05:30,92.2,,8279550
2025-09-04 13:54:30.902389+05:30,92.5,,8279550
2025-09-04 13:54:31.437740+05:30,92.5,,8279550
2025-09-04 13:54:31.724288+05:30,92.55,,8279550
2025-09-04 13:54:31.902394+05:30,92.55,,8279550
2025-09-04 13:54:32.153666+05:30,92.55,,8279550
2025-09-04 13:54:32.902607+05:30,91.95,,8279550
2025-09-04 13:54:33.797562+05:30,92.2,,8279550
2025-09-04 13:54:33.990875+05:30,92.0,,8279550
2025-09-04 13:54:34.670435+05:30,91.8,,8279550
2025-09-04 13:54:34.945736+05:30,91.9,,8279550
2025-09-04 13:54:35.700135+05:30,92.0,,8279550
2025-09-04 13:54:35.908926+05:30,91.8,,8279550
2025-09-04 13:54:36.174720+05:30,92.4,,8279550
2025-09-04 13:54:36.751912+05:30,93.8,,8279550
2025-09-04 13:54:36.945088+05:30,93.7,,8279550
2025-09-04 13:54:37.216287+05:30,93.5,,8279550
2025-09-04 13:54:37.691800+05:30,93.25,,8279550
2025-09-04 13:54:37.902418+05:30,93.55,,8279550
2025-09-04 13:54:38.810693+05:30,93.55,,8279550
2025-09-04 13:54:38.951854+05:30,93.8,,8279550
2025-09-04 13:54:39.708428+05:30,93.8,,8279550
2025-09-04 13:54:39.903018+05:30,93.6,,8279550
2025-09-04 13:54:40.709295+05:30,94.35,,8279550
2025-09-04 13:54:40.919264+05:30,94.7,,8279550
2025-09-04 13:54:41.451575+05:30,94.9,,8279550
2025-09-04 13:54:41.691232+05:30,95.0,,8279550
2025-09-04 13:54:41.903825+05:30,95.0,,8279550
2025-09-04 13:54:42.473811+05:30,95.05,,8279550
2025-09-04 13:54:42.680886+05:30,95.05,,8279550
2025-09-04 13:54:42.961699+05:30,94.85,,8279550
2025-09-04 13:54:43.748131+05:30,95.25,,8279550
2025-09-04 13:54:43.941558+05:30,95.15,,8279550
2025-09-04 13:54:44.712840+05:30,95.5,,8279550
2025-09-04 13:54:44.902545+05:30,96.05,,8279550
2025-09-04 13:54:45.698303+05:30,96.5,,8279550
2025-09-04 13:54:45.902139+05:30,97.1,,8279550
2025-09-04 13:54:46.172797+05:30,96.85,,8279550
2025-09-04 13:54:46.719529+05:30,96.7,,8279550
2025-09-04 13:54:46.903090+05:30,96.5,,8279550
2025-09-04 13:54:47.432929+05:30,96.55,,8279550
2025-09-04 13:54:47.695206+05:30,96.55,,8279550
2025-09-04 13:54:47.920656+05:30,96.4,,8279550
2025-09-04 13:54:48.703038+05:30,97.2,,8279550
2025-09-04 13:54:48.942140+05:30,97.2,,8279550
2025-09-04 13:54:49.447679+05:30,96.95,,8279550
2025-09-04 13:54:49.652564+05:30,97.1,,8279550
2025-09-04 13:54:49.902531+05:30,97.5,,8279550
2025-09-04 13:54:50.494993+05:30,97.75,,8279550
2025-09-04 13:54:50.734388+05:30,97.6,,8279550
2025-09-04 13:54:50.930499+05:30,97.7,,8279550
2025-09-04 13:54:51.160173+05:30,97.6,,8279550
2025-09-04 13:54:51.748895+05:30,97.55,,8279550
2025-09-04 13:54:51.927710+05:30,97.35,,8279550
2025-09-04 13:54:52.175555+05:30,97.2,,8279550
2025-09-04 13:54:52.737825+05:30,96.9,,8279550
2025-09-04 13:54:52.928418+05:30,96.75,,8279550
2025-09-04 13:54:53.718610+05:30,96.75,,8279550
2025-09-04 13:54:53.959159+05:30,96.5,,8279550
2025-09-04 13:54:54.452414+05:30,96.7,,8279550
2025-09-04 13:54:54.723739+05:30,96.9,,8279550
2025-09-04 13:54:54.902642+05:30,96.7,,8279550
2025-09-04 13:54:55.429778+05:30,96.65,,8279550
2025-09-04 13:54:55.760816+05:30,96.5,,8279550
2025-09-04 13:54:55.941001+05:30,96.5,,8279550
2025-09-04 13:54:56.162533+05:30,96.3,,8279550
2025-09-04 13:54:56.719503+05:30,96.25,,8279550
2025-09-04 13:54:56.934929+05:30,96.2,,8279550
2025-09-04 13:54:57.189197+05:30,96.25,,8279550
2025-09-04 13:54:57.717254+05:30,96.3,,8279550
2025-09-04 13:54:57.932430+05:30,96.0,,8279550
2025-09-04 13:54:58.652256+05:30,96.35,,8279550
2025-09-04 13:54:58.944588+05:30,96.4,,8279550
2025-09-04 13:54:59.441703+05:30,96.7,,8279550
2025-09-04 13:54:59.738993+05:30,96.7,,8279550
2025-09-04 13:54:59.955885+05:30,96.65,,8279550
2025-09-04 13:55:00.186936+05:30,96.85,,8279550
2025-09-04 13:55:00.931499+05:30,96.35,,8279550
2025-09-04 13:55:01.726303+05:30,96.35,,8279550
2025-09-04 13:55:01.964422+05:30,96.3,,8279550
2025-09-04 13:55:02.195402+05:30,96.0,,8279550
2025-09-04 13:55:02.703997+05:30,96.2,,8279550
2025-09-04 13:55:02.924272+05:30,95.75,,8279550
2025-09-04 13:55:03.728818+05:30,96.4,,8279550
2025-09-04 13:55:03.939645+05:30,96.4,,8279550
2025-09-04 13:55:04.404170+05:30,97.0,,8279550
2025-09-04 13:55:04.717146+05:30,97.35,,8279550
2025-09-04 13:55:04.902536+05:30,97.6,,8279550
2025-09-04 13:55:05.205729+05:30,97.5,,8279550
2025-09-04 13:55:05.678327+05:30,97.45,,8279550
2025-09-04 13:55:05.946040+05:30,97.6,,8279550
2025-09-04 13:55:06.718237+05:30,97.3,,8279550
2025-09-04 13:55:06.941890+05:30,97.3,,8279550
2025-09-04 13:55:07.755804+05:30,97.15,,8279550
2025-09-04 13:55:07.952694+05:30,97.1,,8279550
2025-09-04 13:55:08.671606+05:30,97.2,,8279550
2025-09-04 13:55:08.914736+05:30,97.0,,8279550
2025-09-04 13:55:09.197567+05:30,97.1,,8279550
2025-09-04 13:55:09.699561+05:30,96.9,,8279550
2025-09-04 13:55:09.901949+05:30,96.7,,8279550
2025-09-04 13:55:10.187080+05:30,96.7,,8279550
2025-09-04 13:55:10.707778+05:30,96.45,,8279550
2025-09-04 13:55:10.924342+05:30,96.8,,8279550
2025-09-04 13:55:11.755736+05:30,96.45,,8279550
2025-09-04 13:55:11.931412+05:30,96.6,,8279550
2025-09-04 13:55:12.480117+05:30,96.6,,8279550
2025-09-04 13:55:12.727177+05:30,96.5,,8279550
2025-09-04 13:55:12.973768+05:30,96.4,,8279550
2025-09-04 13:55:13.481802+05:30,96.5,,8279550
2025-09-04 13:55:13.738599+05:30,96.4,,8279550
2025-09-04 13:55:13.972642+05:30,96.45,,8279550
2025-09-04 13:55:14.152179+05:30,96.35,,8279550
2025-09-04 13:55:14.670054+05:30,96.2,,8193675
2025-09-04 13:55:14.913589+05:30,96.2,,8193675
2025-09-04 13:55:15.186540+05:30,96.05,,8193675
2025-09-04 13:55:15.650332+05:30,96.4,,8193675
2025-09-04 13:55:15.901969+05:30,96.2,,8193675
2025-09-04 13:55:16.703487+05:30,96.4,,8193675
2025-09-04 13:55:16.919887+05:30,96.7,,8193675
2025-09-04 13:55:17.457548+05:30,96.45,,8193675
2025-09-04 13:55:17.745238+05:30,96.3,,8193675
2025-09-04 13:55:17.944693+05:30,96.2,,8193675
2025-09-04 13:55:18.737117+05:30,97.5,,8193675
2025-09-04 13:55:18.905728+05:30,97.1,,8193675
2025-09-04 13:55:19.487081+05:30,97.05,,8193675
2025-09-04 13:55:19.717707+05:30,96.9,,8193675
2025-09-04 13:55:19.902049+05:30,97.0,,8193675
2025-09-04 13:55:20.421565+05:30,97.3,,8193675
2025-09-04 13:55:20.705938+05:30,97.2,,8193675
2025-09-04 13:55:20.946563+05:30,97.0,,8193675
2025-09-04 13:55:21.653800+05:30,97.05,,8193675
2025-09-04 13:55:21.916400+05:30,96.75,,8193675
2025-09-04 13:55:22.478667+05:30,96.85,,8193675
2025-09-04 13:55:22.728501+05:30,96.85,,8193675
2025-09-04 13:55:23.153274+05:30,96.8,,8193675
2025-09-04 13:55:23.452284+05:30,96.85,,8193675
2025-09-04 13:55:23.715328+05:30,96.75,,8193675
2025-09-04 13:55:24.181366+05:30,96.7,,8193675
2025-09-04 13:55:24.713217+05:30,96.9,,8193675
2025-09-04 13:55:25.187334+05:30,96.85,,8193675
2025-09-04 13:55:25.681079+05:30,96.9,,8193675
2025-09-04 13:55:26.152218+05:30,97.0,,8193675
2025-09-04 13:55:26.651926+05:30,97.15,,8193675
2025-09-04 13:55:26.903892+05:30,97.15,,8193675
2025-09-04 13:55:27.729525+05:30,96.85,,8193675
2025-09-04 13:55:28.152724+05:30,96.95,,8193675
2025-09-04 13:55:28.414178+05:30,96.9,,8193675
2025-09-04 13:55:28.672607+05:30,96.7,,8193675
2025-09-04 13:55:29.153975+05:30,96.85,,8193675
2025-09-04 13:55:29.654826+05:30,96.9,,8193675
2025-09-04 13:55:30.153290+05:30,96.85,,8193675
2025-09-04 13:55:30.696401+05:30,97.5,,8193675
2025-09-04 13:55:31.412977+05:30,97.4,,8193675
2025-09-04 13:55:32.419599+05:30,96.8,,8193675
2025-09-04 13:55:33.423010+05:30,96.9,,8193675
2025-09-04 13:55:34.151664+05:30,96.2,,8193675
2025-09-04 13:55:35.184618+05:30,96.6,,8193675
2025-09-04 13:55:36.478425+05:30,95.55,,8193675
2025-09-04 13:55:36.745282+05:30,94.85,,8193675
2025-09-04 13:55:37.208744+05:30,94.6,,8193675
2025-09-04 13:55:37.469807+05:30,94.75,,8193675
2025-09-04 13:55:37.693162+05:30,94.85,,8193675
2025-09-04 13:55:38.153170+05:30,95.0,,8193675
2025-09-04 13:55:38.509012+05:30,95.0,,8193675
2025-09-04 13:55:38.707346+05:30,95.2,,8193675
2025-09-04 13:55:39.191596+05:30,95.15,,8193675
2025-09-04 13:55:39.753226+05:30,95.1,,8193675
2025-09-04 13:55:40.186585+05:30,94.8,,8193675
2025-09-04 13:55:40.910432+05:30,94.15,,8193675
2025-09-04 13:55:41.933326+05:30,94.3,,8193675
2025-09-04 13:55:42.485388+05:30,94.9,,8193675
2025-09-04 13:55:42.907811+05:30,94.75,,8193675
2025-09-04 13:55:43.762788+05:30,94.75,,8193675
2025-09-04 13:55:43.897751+05:30,94.3,,8193675
2025-09-04 13:55:44.901607+05:30,94.6,,8193675
2025-09-04 13:55:45.148080+05:30,94.6,,8193675
2025-09-04 13:55:45.902811+05:30,94.8,,8193675
2025-09-04 13:55:46.901964+05:30,95.0,,8193675
2025-09-04 13:55:47.180998+05:30,95.1,,8193675
2025-09-04 13:55:47.708289+05:30,95.25,,8193675
2025-09-04 13:55:47.934559+05:30,95.5,,8193675
2025-09-04 13:55:48.558648+05:30,95.5,,8193675
2025-09-04 13:55:48.939711+05:30,95.5,,8193675
2025-09-04 13:55:49.152792+05:30,95.5,,8193675
2025-09-04 13:55:49.924298+05:30,95.8,,8193675
2025-09-04 13:55:50.896753+05:30,95.75,,8193675
2025-09-04 13:55:51.651814+05:30,95.9,,8193675
2025-09-04 13:55:52.149654+05:30,96.15,,8193675
2025-09-04 13:55:52.445976+05:30,96.0,,8193675
2025-09-04 13:55:52.902757+05:30,95.6,,8193675
2025-09-04 13:55:53.446123+05:30,95.6,,8193675
2025-09-04 13:55:53.965954+05:30,95.55,,8193675
2025-09-04 13:55:54.901701+05:30,95.65,,8193675
2025-09-04 13:55:55.902396+05:30,95.1,,8193675
2025-09-04 13:55:56.728122+05:30,95.2,,8193675
2025-09-04 13:55:56.923042+05:30,95.35,,8193675
2025-09-04 13:55:57.439301+05:30,95.55,,8193675
2025-09-04 13:55:57.901596+05:30,95.6,,8193675
2025-09-04 13:55:58.152679+05:30,95.3,,8193675
