time,last_price,volume,oi
2025-09-05 10:55:52.910993+05:30,66.7,,8790900
2025-09-05 10:55:52.944985+05:30,66.8,,8790900
2025-09-05 10:55:53.666961+05:30,66.95,,8790900
2025-09-05 10:55:53.925071+05:30,66.9,,8790900
2025-09-05 10:55:54.139481+05:30,66.95,,8790900
2025-09-05 10:55:54.688116+05:30,66.95,,8790900
2025-09-05 10:55:54.910826+05:30,67.05,,8790900
2025-09-05 10:55:55.691681+05:30,66.8,,8790900
2025-09-05 10:55:55.945931+05:30,66.9,,8790900
2025-09-05 10:55:56.433112+05:30,67.1,,8790900
2025-09-05 10:55:56.744628+05:30,67.3,,8790900
2025-09-05 10:55:56.892794+05:30,67.0,,8790900
2025-09-05 10:55:57.718100+05:30,67.15,,8790900
2025-09-05 10:55:57.939921+05:30,67.05,,8790900
2025-09-05 10:55:58.666982+05:30,67.05,,8790900
2025-09-05 10:55:58.920194+05:30,67.05,,8790900
2025-09-05 10:55:59.164414+05:30,66.9,,8790900
2025-09-05 10:55:59.687397+05:30,67.5,,8790900
2025-09-05 10:55:59.972620+05:30,67.5,,8790900
2025-09-05 10:56:00.669372+05:30,67.3,,8790900
2025-09-05 10:56:00.971135+05:30,67.35,,8790900
2025-09-05 10:56:01.441311+05:30,67.4,,8790900
2025-09-05 10:56:01.760336+05:30,67.25,,8790900
2025-09-05 10:56:01.894169+05:30,67.3,,8790900
2025-09-05 10:56:02.453863+05:30,67.2,,8790900
2025-09-05 10:56:02.688053+05:30,66.75,,8790900
2025-09-05 10:56:02.969752+05:30,66.75,,8790900
2025-09-05 10:56:03.892799+05:30,67.2,,8790900
2025-09-05 10:56:04.175209+05:30,67.05,,8790900
2025-09-05 10:56:04.666270+05:30,67.1,,8790900
2025-09-05 10:56:04.977250+05:30,67.15,,8790900
2025-09-05 10:56:05.690349+05:30,67.15,,8790900
2025-09-05 10:56:05.935497+05:30,67.2,,8790900
2025-09-05 10:56:06.393025+05:30,67.0,,8790900
2025-09-05 10:56:06.696815+05:30,67.4,,8790900
2025-09-05 10:56:06.892534+05:30,66.9,,8790900
2025-09-05 10:56:07.409225+05:30,66.4,,8790900
2025-09-05 10:56:07.711975+05:30,66.6,,8790900
2025-09-05 10:56:07.930150+05:30,66.45,,8790900
2025-09-05 10:56:08.666966+05:30,66.5,,8790900
2025-09-05 10:56:08.928232+05:30,66.25,,8790900
2025-09-05 10:56:09.160739+05:30,66.35,,8790900
2025-09-05 10:56:09.521799+05:30,66.5,,8790900
2025-09-05 10:56:09.642551+05:30,66.55,,8790900
2025-09-05 10:56:09.990065+05:30,66.55,,8790900
2025-09-05 10:56:10.661136+05:30,66.35,,8790900
2025-09-05 10:56:10.939791+05:30,66.7,,8790900
2025-09-05 10:56:11.156487+05:30,66.7,,8790900
2025-09-05 10:56:11.737092+05:30,66.8,,8790900
2025-09-05 10:56:11.931729+05:30,66.65,,8790900
2025-09-05 10:56:12.712596+05:30,66.5,,8790900
2025-09-05 10:56:12.918297+05:30,66.85,,8790900
2025-09-05 10:56:13.657131+05:30,66.95,,8790900
2025-09-05 10:56:13.918853+05:30,67.2,,8790900
2025-09-05 10:56:14.169609+05:30,66.85,,8790900
2025-09-05 10:56:14.682352+05:30,66.8,,8790900
2025-09-05 10:56:14.909826+05:30,66.8,,8790900
2025-09-05 10:56:15.713265+05:30,67.2,,8790900
2025-09-05 10:56:15.985498+05:30,67.2,,8790900
2025-09-05 10:56:16.459935+05:30,67.45,,8790900
2025-09-05 10:56:16.663527+05:30,67.25,,8790900
2025-09-05 10:56:16.930603+05:30,67.2,,8790900
2025-09-05 10:56:17.463547+05:30,67.2,,8790900
2025-09-05 10:56:17.691984+05:30,67.15,,8790900
2025-09-05 10:56:17.953101+05:30,67.1,,8790900
2025-09-05 10:56:18.670279+05:30,67.2,,8790900
2025-09-05 10:56:18.931478+05:30,67.2,,8790900
2025-09-05 10:56:19.176920+05:30,67.2,,8790900
2025-09-05 10:56:19.682842+05:30,67.0,,8790900
2025-09-05 10:56:19.929256+05:30,67.0,,8790900
2025-09-05 10:56:20.664438+05:30,67.7,,8790900
2025-09-05 10:56:20.928937+05:30,67.6,,8790900
2025-09-05 10:56:21.492621+05:30,67.65,,8790900
2025-09-05 10:56:21.694575+05:30,67.4,,8790900
2025-09-05 10:56:22.003751+05:30,67.5,,8790900
2025-09-05 10:56:22.420057+05:30,67.05,,8790900
2025-09-05 10:56:22.686542+05:30,67.05,,8790900
2025-09-05 10:56:22.892726+05:30,66.55,,8790900
2025-09-05 10:56:23.739421+05:30,66.45,,8790900
2025-09-05 10:56:23.968764+05:30,66.3,,8790900
2025-09-05 10:56:24.147373+05:30,66.35,,8790900
2025-09-05 10:56:24.676781+05:30,66.35,,8790900
2025-09-05 10:56:24.979000+05:30,66.0,,8790900
2025-09-05 10:56:25.665597+05:30,66.1,,8790900
2025-09-05 10:56:25.971887+05:30,66.0,,8790900
2025-09-05 10:56:26.169734+05:30,66.0,,8790900
2025-09-05 10:56:26.726613+05:30,66.0,,8790900
2025-09-05 10:56:26.915186+05:30,65.85,,8790900
2025-09-05 10:56:27.395363+05:30,66.25,,8790900
2025-09-05 10:56:27.662055+05:30,66.1,,8790900
2025-09-05 10:56:28.026130+05:30,66.05,,8790900
2025-09-05 10:56:28.649644+05:30,65.9,,8790900
2025-09-05 10:56:28.919484+05:30,65.95,,8790900
2025-09-05 10:56:29.155488+05:30,65.9,,8790900
2025-09-05 10:56:29.429280+05:30,65.85,,8790900
2025-09-05 10:56:29.741341+05:30,65.95,,8790900
2025-09-05 10:56:29.959174+05:30,65.95,,8790900
2025-09-05 10:56:30.490687+05:30,65.95,,8790900
2025-09-05 10:56:30.745203+05:30,66.1,,8790900
2025-09-05 10:56:30.935872+05:30,66.05,,8790900
2025-09-05 10:56:31.164694+05:30,66.2,,8790900
2025-09-05 10:56:31.671571+05:30,65.95,,8790900
2025-09-05 10:56:31.892468+05:30,66.2,,8790900
2025-09-05 10:56:32.687137+05:30,66.2,,8790900
2025-09-05 10:56:32.938164+05:30,66.0,,8790900
2025-09-05 10:56:33.711358+05:30,66.2,,8790900
2025-09-05 10:56:33.909162+05:30,66.2,,8790900
2025-09-05 10:56:34.209734+05:30,66.35,,8790900
2025-09-05 10:56:34.392640+05:30,66.5,,8790900
2025-09-05 10:56:34.668389+05:30,66.55,,8790900
2025-09-05 10:56:35.229195+05:30,66.75,,8790900
2025-09-05 10:56:35.669555+05:30,66.8,,8790900
2025-09-05 10:56:35.919658+05:30,66.8,,8790900
2025-09-05 10:56:36.195286+05:30,66.75,,8790900
2025-09-05 10:56:36.667780+05:30,66.75,,8790900
2025-09-05 10:56:36.994835+05:30,66.75,,8790900
2025-09-05 10:56:37.539994+05:30,67.0,,8790900
2025-09-05 10:56:37.692133+05:30,67.15,,8790900
2025-09-05 10:56:37.934803+05:30,67.0,,8790900
2025-09-05 10:56:38.948381+05:30,66.95,,8790900
2025-09-05 10:56:39.194566+05:30,67.25,,8790900
2025-09-05 10:56:39.428784+05:30,66.95,,8790900
2025-09-05 10:56:39.750644+05:30,66.9,,8790900
2025-09-05 10:56:39.936109+05:30,67.0,,8790900
2025-09-05 10:56:40.698517+05:30,67.1,,8790900
2025-09-05 10:56:40.914617+05:30,67.05,,8790900
2025-09-05 10:56:41.218515+05:30,66.9,,8790900
2025-09-05 10:56:41.653727+05:30,66.65,,8790900
2025-09-05 10:56:41.916530+05:30,66.6,,8790900
2025-09-05 10:56:42.643472+05:30,66.3,,8790900
2025-09-05 10:56:42.999132+05:30,66.65,,8790900
2025-09-05 10:56:43.680613+05:30,66.55,,8790900
2025-09-05 10:56:43.898378+05:30,66.6,,8790900
2025-09-05 10:56:44.178165+05:30,66.6,,8790900
2025-09-05 10:56:44.445902+05:30,66.45,,8790900
2025-09-05 10:56:44.713317+05:30,66.65,,8790900
2025-09-05 10:56:44.969724+05:30,66.65,,8790900
2025-09-05 10:56:45.642584+05:30,66.5,,8790900
2025-09-05 10:56:45.941394+05:30,66.5,,8790900
2025-09-05 10:56:46.175822+05:30,66.55,,8790900
2025-09-05 10:56:46.638137+05:30,66.55,,8790900
2025-09-05 10:56:46.924233+05:30,66.45,,8790900
2025-09-05 10:56:47.465516+05:30,66.65,,8790900
2025-09-05 10:56:47.658876+05:30,66.5,,8790900
2025-09-05 10:56:47.937655+05:30,66.6,,8790900
2025-09-05 10:56:48.660132+05:30,66.8,,8790900
2025-09-05 10:56:49.142657+05:30,67.05,,8790900
2025-09-05 10:56:49.431569+05:30,67.5,,8790900
2025-09-05 10:56:49.694387+05:30,67.7,,8790900
2025-09-05 10:56:50.150927+05:30,67.6,,8790900
2025-09-05 10:56:50.768920+05:30,67.7,,8790900
2025-09-05 10:56:50.892425+05:30,67.45,,8790900
2025-09-05 10:56:51.199344+05:30,67.75,,8790900
2025-09-05 10:56:51.714295+05:30,67.85,,8790900
2025-09-05 10:56:52.173801+05:30,67.85,,8790900
2025-09-05 10:56:52.650138+05:30,67.6,,8790900
2025-09-05 10:56:53.192473+05:30,67.5,,8790900
2025-09-05 10:56:53.670736+05:30,67.8,,8790900
2025-09-05 10:56:54.201570+05:30,67.25,,8790900
2025-09-05 10:56:54.694173+05:30,67.6,,8790900
2025-09-05 10:56:55.176200+05:30,67.6,,8790900
2025-09-05 10:56:55.659668+05:30,67.95,,8790900
2025-09-05 10:56:55.928313+05:30,67.9,,8790900
2025-09-05 10:56:56.154738+05:30,68.0,,8790900
2025-09-05 10:56:56.697735+05:30,67.9,,8790900
2025-09-05 10:56:57.229866+05:30,67.95,,8790900
2025-09-05 10:56:57.667515+05:30,68.05,,8790900
2025-09-05 10:56:58.218253+05:30,68.0,,8790900
2025-09-05 10:56:58.664924+05:30,68.25,,8790900
2025-09-05 10:56:59.161847+05:30,68.3,,8790900
2025-09-05 10:56:59.689684+05:30,68.25,,8790900
2025-09-05 10:57:00.219635+05:30,68.25,,8790900
2025-09-05 10:57:00.433815+05:30,68.25,,8790900
2025-09-05 10:57:00.746030+05:30,68.7,,8790900
2025-09-05 10:57:01.002684+05:30,69.75,,8790900
2025-09-05 10:57:01.199869+05:30,69.1,,8790900
2025-09-05 10:57:01.689217+05:30,69.2,,8790900
2025-09-05 10:57:02.139539+05:30,68.95,,8790900
2025-09-05 10:57:02.419534+05:30,69.0,,8790900
2025-09-05 10:57:02.697922+05:30,69.05,,8790900
2025-09-05 10:57:03.209516+05:30,69.05,,8790900
2025-09-05 10:57:03.727035+05:30,69.2,,8790900
2025-09-05 10:57:04.164620+05:30,69.35,,8790900
2025-09-05 10:57:04.682750+05:30,69.6,,8790900
2025-09-05 10:57:05.181550+05:30,69.55,,8790900
2025-09-05 10:57:05.649952+05:30,69.55,,8790900
2025-09-05 10:57:06.001755+05:30,69.5,,8790900
2025-09-05 10:57:06.164651+05:30,69.6,,8790900
2025-09-05 10:57:06.734432+05:30,69.7,,8790900
2025-09-05 10:57:07.159138+05:30,69.35,,8790900
2025-09-05 10:57:07.411650+05:30,69.75,,8790900
2025-09-05 10:57:07.687431+05:30,69.5,,8790900
2025-09-05 10:57:08.177259+05:30,69.45,,8790900
2025-09-05 10:57:08.665132+05:30,69.2,,8790900
2025-09-05 10:57:09.219928+05:30,69.1,,8790900
2025-09-05 10:57:09.693751+05:30,69.3,,8790900
2025-09-05 10:57:10.164449+05:30,69.55,,8790900
2025-09-05 10:57:10.664213+05:30,69.3,,8790900
2025-09-05 10:57:11.164590+05:30,69.4,,8790900
2025-09-05 10:57:11.665917+05:30,69.6,,8790900
2025-09-05 10:57:12.234585+05:30,69.6,,8790900
2025-09-05 10:57:12.407550+05:30,69.4,,8790900
2025-09-05 10:57:12.737059+05:30,69.5,,8790900
2025-09-05 10:57:12.992897+05:30,69.65,,8790900
2025-09-05 10:57:13.686515+05:30,69.35,,8790900
2025-09-05 10:57:14.191438+05:30,69.45,,8790900
2025-09-05 10:57:14.723029+05:30,69.4,,8790900
2025-09-05 10:57:15.164312+05:30,69.5,,8790900
2025-09-05 10:57:15.642202+05:30,69.1,,8790900
2025-09-05 10:57:16.169940+05:30,68.55,,8790900
2025-09-05 10:57:16.763296+05:30,68.25,,8790900
2025-09-05 10:57:17.169199+05:30,68.0,,8790900
2025-09-05 10:57:17.527578+05:30,68.1,,8790900
2025-09-05 10:57:17.753512+05:30,68.25,,8790900
2025-09-05 10:57:17.904945+05:30,68.2,,8790900
2025-09-05 10:57:18.659154+05:30,68.15,,8790900
2025-09-05 10:57:19.161001+05:30,68.0,,8790900
2025-09-05 10:57:19.685929+05:30,68.1,,8790900
2025-09-05 10:57:20.169403+05:30,68.35,,8790900
2025-09-05 10:57:20.670398+05:30,68.25,,8790900
2025-09-05 10:57:21.143206+05:30,68.3,,8790900
2025-09-05 10:57:21.419719+05:30,68.35,,8790900
2025-09-05 10:57:21.720791+05:30,68.2,,8790900
2025-09-05 10:57:22.142123+05:30,68.1,,8790900
2025-09-05 10:57:22.670820+05:30,68.2,,8790900
2025-09-05 10:57:22.930665+05:30,68.25,,8790900
2025-09-05 10:57:23.949281+05:30,68.25,,8790900
2025-09-05 10:57:24.175313+05:30,68.2,,8790900
2025-09-05 10:57:24.718041+05:30,68.5,,8790900
2025-09-05 10:57:25.193965+05:30,68.3,,8790900
2025-09-05 10:57:25.755141+05:30,68.2,,8790900
2025-09-05 10:57:26.164425+05:30,67.85,,8790900
2025-09-05 10:57:26.707549+05:30,67.6,,8790900
2025-09-05 10:57:27.160730+05:30,67.45,,8790900
2025-09-05 10:57:27.978536+05:30,67.35,,8790900
2025-09-05 10:57:28.756319+05:30,67.9,,8790900
2025-09-05 10:57:29.228326+05:30,67.85,,8790900
2025-09-05 10:57:29.659372+05:30,68.0,,8790900
2025-09-05 10:57:30.138499+05:30,67.85,,8790900
2025-09-05 10:57:30.446138+05:30,67.85,,8790900
2025-09-05 10:57:30.675628+05:30,68.05,,8790900
2025-09-05 10:57:30.909025+05:30,68.05,,8790900
2025-09-05 10:57:31.167706+05:30,68.1,,8790900
2025-09-05 10:57:31.729944+05:30,68.25,,8790900
2025-09-05 10:57:32.170080+05:30,68.25,,8790900
2025-09-05 10:57:32.642307+05:30,68.2,,8790900
2025-09-05 10:57:32.945154+05:30,68.15,,8790900
2025-09-05 10:57:33.736469+05:30,68.2,,8790900
2025-09-05 10:57:34.252511+05:30,68.15,,8790900
2025-09-05 10:57:34.992200+05:30,67.75,,8790900
2025-09-05 10:57:35.200437+05:30,67.6,,8790900
2025-09-05 10:57:35.751163+05:30,67.8,,8790900
2025-09-05 10:57:35.952092+05:30,67.75,,8790900
2025-09-05 10:57:36.170485+05:30,67.5,,8790900
2025-09-05 10:57:36.689725+05:30,67.5,,8790900
2025-09-05 10:57:37.164153+05:30,67.75,,8790900
2025-09-05 10:57:37.702308+05:30,68.0,,8790900
2025-09-05 10:57:37.913963+05:30,68.05,,8790900
2025-09-05 10:57:38.142160+05:30,68.05,,8790900
2025-09-05 10:57:38.680792+05:30,67.7,,8790900
2025-09-05 10:57:39.174425+05:30,67.65,,8790900
2025-09-05 10:57:39.647492+05:30,67.75,,8790900
2025-09-05 10:57:40.191451+05:30,67.7,,8790900
2025-09-05 10:57:40.691151+05:30,67.7,,8790900
2025-09-05 10:57:40.908796+05:30,67.8,,8790900
2025-09-05 10:57:41.219184+05:30,67.85,,8790900
2025-09-05 10:57:41.741593+05:30,67.85,,8790900
2025-09-05 10:57:42.191187+05:30,67.95,,9074025
2025-09-05 10:57:42.440989+05:30,68.0,,9074025
2025-09-05 10:57:42.658958+05:30,68.0,,9074025
2025-09-05 10:57:42.978545+05:30,68.05,,9074025
2025-09-05 10:57:43.936752+05:30,68.0,,9074025
2025-09-05 10:57:44.166337+05:30,68.05,,9074025
2025-09-05 10:57:44.697123+05:30,68.05,,9074025
2025-09-05 10:57:45.147373+05:30,67.95,,9074025
2025-09-05 10:57:45.649551+05:30,68.0,,9074025
2025-09-05 10:57:46.159105+05:30,67.9,,9074025
2025-09-05 10:57:46.554282+05:30,67.9,,9074025
2025-09-05 10:57:46.716023+05:30,67.9,,9074025
2025-09-05 10:57:47.158676+05:30,67.95,,9074025
2025-09-05 10:57:47.425499+05:30,67.95,,9074025
2025-09-05 10:57:47.679807+05:30,68.0,,9074025
2025-09-05 10:57:48.049369+05:30,67.95,,9074025
2025-09-05 10:57:48.725193+05:30,68.1,,9074025
2025-09-05 10:57:49.218035+05:30,68.9,,9074025
2025-09-05 10:57:49.669220+05:30,68.7,,9074025
2025-09-05 10:57:50.154504+05:30,68.65,,9074025
2025-09-05 10:57:50.745140+05:30,68.4,,9074025
2025-09-05 10:57:50.925852+05:30,68.4,,9074025
2025-09-05 10:57:51.510421+05:30,68.55,,9074025
2025-09-05 10:57:51.733114+05:30,68.5,,9074025
2025-09-05 10:57:52.164560+05:30,69.05,,9074025
2025-09-05 10:57:52.441154+05:30,68.95,,9074025
2025-09-05 10:57:52.696648+05:30,69.1,,9074025
2025-09-05 10:57:53.038576+05:30,69.35,,9074025
2025-09-05 10:57:53.674731+05:30,69.45,,9074025
2025-09-05 10:57:54.166845+05:30,69.65,,9074025
2025-09-05 10:57:54.808817+05:30,69.75,,9074025
2025-09-05 10:57:55.141980+05:30,69.9,,9074025
2025-09-05 10:57:55.696034+05:30,69.85,,9074025
2025-09-05 10:57:56.185547+05:30,69.8,,9074025
2025-09-05 10:57:56.516066+05:30,70.15,,9074025
2025-09-05 10:57:56.690745+05:30,69.95,,9074025
2025-09-05 10:57:57.147220+05:30,70.2,,9074025
2025-09-05 10:57:57.717777+05:30,69.55,,9074025
2025-09-05 10:57:57.958137+05:30,69.75,,9074025
2025-09-05 10:57:58.141899+05:30,69.7,,9074025
2025-09-05 10:57:58.675126+05:30,69.8,,9074025
2025-09-05 10:57:59.252911+05:30,69.8,,9074025
2025-09-05 10:57:59.478251+05:30,69.8,,9074025
2025-09-05 10:57:59.761105+05:30,70.05,,9074025
2025-09-05 10:58:00.206419+05:30,69.8,,9074025
2025-09-05 10:58:00.430651+05:30,69.8,,9074025
2025-09-05 10:58:00.661588+05:30,70.1,,9074025
2025-09-05 10:58:01.153833+05:30,70.3,,9074025
2025-09-05 10:58:11.061055+05:30,70.6,,9074025
2025-09-05 10:58:11.121359+05:30,70.4,,9074025
2025-09-05 10:58:11.187493+05:30,70.35,,9074025
2025-09-05 10:58:11.243499+05:30,70.2,,9074025
2025-09-05 10:58:11.330289+05:30,70.3,,9074025
2025-09-05 10:58:11.460267+05:30,70.1,,9074025
2025-09-05 10:58:11.482844+05:30,69.3,,9074025
2025-09-05 10:58:11.621362+05:30,69.4,,9074025
2025-09-05 10:58:11.664381+05:30,69.35,,9074025
2025-09-05 10:58:11.690110+05:30,69.5,,9074025
2025-09-05 10:58:11.872322+05:30,69.3,,9074025
2025-09-05 10:58:11.951161+05:30,68.65,,9074025
2025-09-05 10:58:12.036840+05:30,68.65,,9074025
2025-09-05 10:58:12.217478+05:30,69.0,,9074025
2025-09-05 10:58:12.294150+05:30,68.75,,9074025
2025-09-05 10:58:12.361263+05:30,68.65,,9074025
2025-09-05 10:58:12.548529+05:30,69.0,,9074025
2025-09-05 10:58:12.733604+05:30,69.2,,9074025
2025-09-05 10:58:13.068999+05:30,69.3,,9074025
2025-09-05 10:58:13.140862+05:30,69.1,,9074025
2025-09-05 10:58:13.243493+05:30,69.2,,9074025
2025-09-05 10:58:13.426927+05:30,69.2,,9074025
2025-09-05 10:58:13.681965+05:30,69.15,,9074025
2025-09-05 10:58:13.779151+05:30,69.05,,9074025
2025-09-05 10:58:13.846314+05:30,68.85,,9074025
2025-09-05 10:58:13.922418+05:30,69.0,,9074025
2025-09-05 10:58:14.188966+05:30,69.0,,9074025
2025-09-05 10:58:14.323528+05:30,69.0,,9074025
2025-09-05 10:58:14.795056+05:30,69.0,,9074025
2025-09-05 10:58:15.213131+05:30,69.0,,9074025
2025-09-05 10:58:15.680477+05:30,68.85,,9074025
2025-09-05 10:58:16.141933+05:30,69.0,,9074025
2025-09-05 10:58:16.975343+05:30,69.5,,9074025
2025-09-05 10:58:17.225212+05:30,69.25,,9074025
2025-09-05 10:58:17.391916+05:30,69.3,,9074025
2025-09-05 10:58:17.892828+05:30,69.0,,9074025
2025-09-05 10:58:18.191551+05:30,69.0,,9074025
2025-09-05 10:58:18.979340+05:30,68.75,,9074025
2025-09-05 10:58:19.431896+05:30,69.0,,9074025
2025-09-05 10:58:19.989467+05:30,69.0,,9074025
2025-09-05 10:58:20.186183+05:30,68.85,,9074025
2025-09-05 10:58:20.723792+05:30,69.1,,9074025
2025-09-05 10:58:20.896479+05:30,69.05,,9074025
2025-09-05 10:58:21.442968+05:30,69.1,,9074025
2025-09-05 10:58:22.017178+05:30,68.6,,9074025
2025-09-05 10:58:22.176108+05:30,68.9,,9074025
2025-09-05 10:58:22.414026+05:30,68.9,,9074025
2025-09-05 10:58:22.965233+05:30,69.0,,9074025
2025-09-05 10:58:23.934870+05:30,69.05,,9074025
2025-09-05 10:58:24.209127+05:30,69.35,,9074025
2025-09-05 10:58:24.421542+05:30,69.35,,9074025
2025-09-05 10:58:24.988121+05:30,69.45,,9074025
2025-09-05 10:58:25.675153+05:30,69.05,,9074025
2025-09-05 10:58:25.973734+05:30,69.35,,9074025
2025-09-05 10:58:26.191382+05:30,69.35,,9074025
2025-09-05 10:58:26.956919+05:30,69.1,,9074025
2025-09-05 10:58:27.154038+05:30,68.75,,9074025
2025-09-05 10:58:27.452377+05:30,68.8,,9074025
2025-09-05 10:58:27.891825+05:30,68.4,,9074025
2025-09-05 10:58:28.941105+05:30,68.5,,9074025
2025-09-05 10:58:29.141848+05:30,68.5,,9074025
2025-09-05 10:58:29.418865+05:30,68.15,,9074025
2025-09-05 10:58:29.945921+05:30,68.1,,9074025
2025-09-05 10:58:30.180300+05:30,68.3,,9074025
2025-09-05 10:58:30.392055+05:30,68.3,,9074025
2025-09-05 10:58:30.681268+05:30,68.3,,9074025
2025-09-05 10:58:31.141781+05:30,67.9,,9074025
2025-09-05 10:58:31.962854+05:30,67.9,,9074025
2025-09-05 10:58:32.256167+05:30,67.85,,9074025
2025-09-05 10:58:32.690028+05:30,68.0,,9074025
2025-09-05 10:58:33.238543+05:30,68.2,,9074025
2025-09-05 10:58:33.987841+05:30,68.4,,9074025
2025-09-05 10:58:34.193279+05:30,68.4,,9074025
2025-09-05 10:58:34.418113+05:30,68.5,,9074025
2025-09-05 10:58:34.941094+05:30,68.5,,9074025
2025-09-05 10:58:35.158740+05:30,68.65,,9074025
2025-09-05 10:58:35.682240+05:30,68.7,,9074025
2025-09-05 10:58:35.949492+05:30,68.55,,9074025
2025-09-05 10:58:36.138595+05:30,68.55,,9074025
2025-09-05 10:58:36.945779+05:30,68.85,,9074025
2025-09-05 10:58:37.175843+05:30,68.6,,9074025
2025-09-05 10:58:37.457386+05:30,68.55,,9074025
2025-09-05 10:58:37.719933+05:30,68.6,,9074025
2025-09-05 10:58:38.217326+05:30,68.9,,9074025
2025-09-05 10:58:38.950232+05:30,68.8,,9074025
2025-09-05 10:58:39.149413+05:30,68.95,,9074025
2025-09-05 10:58:39.417544+05:30,68.8,,9074025
2025-09-05 10:58:39.983116+05:30,68.75,,9074025
2025-09-05 10:58:40.158822+05:30,68.85,,9074025
2025-09-05 10:58:40.646366+05:30,69.1,,9074025
2025-09-05 10:58:41.204343+05:30,69.25,,9074025
2025-09-05 10:58:41.913715+05:30,69.3,,9074025
2025-09-05 10:58:42.457675+05:30,69.25,,9074025
2025-09-05 10:58:42.740384+05:30,69.2,,9074025
2025-09-05 10:58:43.255656+05:30,69.3,,9074025
2025-09-05 10:58:44.037623+05:30,69.3,,9074025
2025-09-05 10:58:44.206964+05:30,69.3,,9074025
2025-09-05 10:58:44.713682+05:30,69.25,,9074025
2025-09-05 10:58:44.887794+05:30,69.35,,9074025
2025-09-05 10:59:11.088478+05:30,69.35,,9074025
2025-09-05 10:59:11.245568+05:30,69.5,,9074025
2025-09-05 10:59:11.326824+05:30,69.55,,9074025
2025-09-05 10:59:11.428502+05:30,69.55,,9074025
2025-09-05 10:59:11.681407+05:30,69.4,,9074025
2025-09-05 10:59:11.753448+05:30,69.4,,9074025
2025-09-05 10:59:12.151548+05:30,69.6,,9074025
2025-09-05 10:59:12.345981+05:30,69.65,,9074025
2025-09-05 10:59:12.368440+05:30,69.4,,9074025
2025-09-05 10:59:12.553500+05:30,69.75,,9074025
2025-09-05 10:59:12.583961+05:30,69.6,,9074025
2025-09-05 10:59:12.690029+05:30,69.8,,9074025
2025-09-05 10:59:12.827372+05:30,70.0,,9074025
2025-09-05 10:59:12.880664+05:30,70.0,,9074025
2025-09-05 10:59:13.098792+05:30,70.15,,9074025
2025-09-05 10:59:13.286601+05:30,70.15,,9074025
2025-09-05 10:59:13.392915+05:30,70.0,,9074025
2025-09-05 10:59:13.518971+05:30,70.05,,9074025
2025-09-05 10:59:13.739510+05:30,70.1,,9074025
2025-09-05 10:59:14.039656+05:30,70.0,,9074025
2025-09-05 10:59:14.146286+05:30,70.2,,9074025
2025-09-05 10:59:14.217654+05:30,70.25,,9074025
2025-09-05 10:59:14.464518+05:30,70.1,,9074025
2025-09-05 10:59:14.507336+05:30,70.3,,9074025
2025-09-05 10:59:14.716940+05:30,70.5,,9074025
2025-09-05 10:59:14.810282+05:30,70.5,,9074025
2025-09-05 10:59:15.035438+05:30,70.5,,9074025
2025-09-05 10:59:15.188467+05:30,70.45,,9074025
2025-09-05 10:59:15.255204+05:30,70.4,,9074025
2025-09-05 10:59:15.485110+05:30,69.85,,9074025
2025-09-05 10:59:15.770651+05:30,70.0,,9074025
2025-09-05 10:59:15.958587+05:30,69.8,,9074025
2025-09-05 10:59:16.123589+05:30,69.45,,9074025
2025-09-05 10:59:16.270693+05:30,69.5,,9074025
2025-09-05 10:59:16.380322+05:30,69.65,,9074025
2025-09-05 10:59:16.517811+05:30,69.75,,9074025
2025-09-05 10:59:16.722262+05:30,69.8,,9074025
2025-09-05 10:59:17.107859+05:30,69.95,,9074025
2025-09-05 10:59:17.278840+05:30,70.2,,9074025
2025-09-05 10:59:17.546764+05:30,70.0,,9074025
2025-09-05 10:59:17.976037+05:30,69.5,,9074025
2025-09-05 10:59:18.091578+05:30,69.5,,9074025
2025-09-05 10:59:18.216907+05:30,69.7,,9074025
2025-09-05 10:59:18.381787+05:30,69.55,,9074025
2025-09-05 10:59:18.520911+05:30,69.55,,9074025
2025-09-05 10:59:18.630099+05:30,69.5,,9074025
2025-09-05 10:59:18.822974+05:30,70.0,,9074025
2025-09-05 10:59:19.002045+05:30,69.9,,9074025
2025-09-05 10:59:19.413600+05:30,70.1,,9074025
2025-09-05 10:59:19.524652+05:30,70.0,,9074025
2025-09-05 10:59:19.731030+05:30,69.95,,9074025
2025-09-05 10:59:19.794665+05:30,69.85,,9074025
2025-09-05 10:59:20.192597+05:30,69.85,,9074025
2025-09-05 10:59:20.346492+05:30,69.85,,9074025
2025-09-05 10:59:20.392498+05:30,70.0,,9074025
2025-09-05 10:59:20.551280+05:30,70.1,,9074025
2025-09-05 10:59:20.694613+05:30,70.1,,9074025
2025-09-05 10:59:20.793496+05:30,69.65,,9074025
2025-09-05 10:59:21.073648+05:30,70.0,,9074025
2025-09-05 10:59:21.122972+05:30,69.95,,9074025
2025-09-05 10:59:21.361769+05:30,70.2,,9074025
2025-09-05 10:59:21.540393+05:30,70.3,,9074025
2025-09-05 10:59:21.686117+05:30,70.25,,9074025
2025-09-05 10:59:21.818580+05:30,70.5,,9074025
2025-09-05 10:59:21.855281+05:30,70.65,,9074025
2025-09-05 10:59:21.968996+05:30,70.65,,9074025
2025-09-05 10:59:22.117952+05:30,70.55,,9074025
2025-09-05 10:59:22.222652+05:30,70.45,,9074025
2025-09-05 10:59:22.453047+05:30,70.5,,9074025
2025-09-05 10:59:22.547236+05:30,70.25,,9074025
2025-09-05 10:59:22.601541+05:30,70.4,,9074025
2025-09-05 10:59:22.779480+05:30,70.55,,9074025
2025-09-05 10:59:22.971797+05:30,70.4,,9074025
2025-09-05 10:59:23.304069+05:30,70.3,,9074025
2025-09-05 10:59:23.409369+05:30,70.25,,9074025
2025-09-05 10:59:23.513694+05:30,70.65,,9074025
2025-09-05 10:59:23.844751+05:30,70.6,,9074025
2025-09-05 10:59:23.886615+05:30,70.45,,9074025
2025-09-05 10:59:23.948205+05:30,70.25,,9074025
2025-09-05 10:59:24.038722+05:30,70.35,,9074025
2025-09-05 10:59:24.402991+05:30,70.25,,9074025
2025-09-05 10:59:24.467389+05:30,70.1,,9074025
2025-09-05 10:59:24.501378+05:30,70.25,,9074025
2025-09-05 10:59:24.692891+05:30,70.4,,9074025
2025-09-05 10:59:25.021528+05:30,70.45,,9074025
2025-09-05 10:59:25.198153+05:30,70.55,,9074025
2025-09-05 10:59:25.262163+05:30,70.65,,9074025
2025-09-05 10:59:25.410936+05:30,70.7,,9074025
2025-09-05 10:59:25.435302+05:30,70.5,,9074025
2025-09-05 10:59:25.533281+05:30,70.55,,9074025
2025-09-05 10:59:25.641861+05:30,70.55,,9074025
2025-09-05 10:59:25.837842+05:30,70.6,,9074025
2025-09-05 10:59:26.039627+05:30,70.8,,9074025
2025-09-05 10:59:26.151432+05:30,71.0,,9074025
2025-09-05 10:59:26.250487+05:30,71.05,,9074025
2025-09-05 10:59:26.556468+05:30,70.75,,9074025
2025-09-05 11:00:11.054947+05:30,70.85,,9074025
2025-09-05 11:00:11.139153+05:30,70.85,,9074025
2025-09-05 11:00:11.156339+05:30,70.55,,9074025
2025-09-05 11:00:11.364738+05:30,70.65,,9074025
2025-09-05 11:00:11.393485+05:30,70.65,,9074025
2025-09-05 11:00:11.417708+05:30,70.55,,9074025
2025-09-05 11:00:11.558997+05:30,70.5,,9074025
2025-09-05 11:00:11.680286+05:30,70.55,,9074025
2025-09-05 11:00:11.802657+05:30,70.65,,9074025
2025-09-05 11:00:11.939535+05:30,70.7,,9074025
2025-09-05 11:00:12.201338+05:30,70.7,,9074025
2025-09-05 11:00:12.295779+05:30,70.5,,9074025
2025-09-05 11:00:12.420232+05:30,70.55,,9074025
2025-09-05 11:00:12.599291+05:30,70.3,,9074025
2025-09-05 11:00:12.675921+05:30,70.35,,9074025
2025-09-05 11:00:12.928227+05:30,69.35,,9074025
2025-09-05 11:00:13.021402+05:30,69.2,,9074025
2025-09-05 11:00:13.116130+05:30,69.3,,9074025
2025-09-05 11:00:13.275244+05:30,69.75,,9074025
2025-09-05 11:00:13.723548+05:30,69.6,,9074025
2025-09-05 11:00:13.844813+05:30,69.8,,9074025
2025-09-05 11:00:13.872469+05:30,69.95,,9074025
2025-09-05 11:00:14.039481+05:30,70.2,,9074025
2025-09-05 11:00:14.147627+05:30,70.15,,9074025
2025-09-05 11:00:14.408809+05:30,69.9,,9074025
2025-09-05 11:00:14.524948+05:30,69.95,,9074025
2025-09-05 11:00:14.601265+05:30,69.9,,9074025
2025-09-05 11:00:14.749772+05:30,70.15,,9074025
2025-09-05 11:00:14.918477+05:30,70.1,,9074025
2025-09-05 11:00:15.051474+05:30,70.2,,9074025
2025-09-05 11:00:15.261562+05:30,70.25,,9074025
2025-09-05 11:00:15.375298+05:30,70.1,,9074025
2025-09-05 11:00:15.721872+05:30,70.0,,9074025
2025-09-05 11:00:15.859998+05:30,70.0,,9074025
2025-09-05 11:00:15.923752+05:30,70.0,,9074025
2025-09-05 11:00:16.045825+05:30,70.15,,9074025
2025-09-05 11:00:16.432655+05:30,70.15,,9074025
2025-09-05 11:00:16.518181+05:30,69.95,,9074025
2025-09-05 11:00:16.536232+05:30,70.05,,9074025
2025-09-05 11:00:16.749854+05:30,70.0,,9074025
2025-09-05 11:00:16.844194+05:30,70.0,,9074025
2025-09-05 11:00:17.098579+05:30,70.2,,9074025
2025-09-05 11:00:17.290451+05:30,70.2,,9074025
2025-09-05 11:00:17.344864+05:30,70.1,,9074025
2025-09-05 11:00:17.548276+05:30,70.15,,9074025
2025-09-05 11:00:17.688393+05:30,70.15,,9074025
2025-09-05 11:00:17.911001+05:30,69.7,,9074025
2025-09-05 11:00:17.988175+05:30,69.7,,9074025
2025-09-05 11:00:18.176557+05:30,69.6,,9074025
2025-09-05 11:00:18.248003+05:30,69.6,,9074025
2025-09-05 11:00:18.584697+05:30,69.85,,9074025
2025-09-05 11:00:18.658602+05:30,69.85,,9074025
2025-09-05 11:00:18.839223+05:30,69.85,,9074025
2025-09-05 11:00:19.000381+05:30,69.65,,9074025
2025-09-05 11:00:19.059995+05:30,69.65,,9074025
2025-09-05 11:00:19.223084+05:30,69.65,,9074025
2025-09-05 11:00:19.407767+05:30,69.5,,9074025
2025-09-05 11:00:19.537953+05:30,69.55,,9074025
2025-09-05 11:00:19.811691+05:30,69.45,,9074025
2025-09-05 11:00:19.934207+05:30,69.6,,9074025
2025-09-05 11:00:20.068735+05:30,69.6,,9074025
2025-09-05 11:00:20.248891+05:30,69.4,,9074025
2025-09-05 11:00:20.484298+05:30,69.5,,9074025
2025-09-05 11:00:20.662144+05:30,69.55,,9074025
2025-09-05 11:00:21.053403+05:30,69.5,,9074025
2025-09-05 11:00:21.150670+05:30,69.65,,9074025
2025-09-05 11:00:21.298730+05:30,70.2,,9074025
2025-09-05 11:00:21.471690+05:30,70.25,,9074025
2025-09-05 11:00:21.662705+05:30,70.1,,9074025
2025-09-05 11:00:21.817971+05:30,70.05,,9074025
2025-09-05 11:00:21.967636+05:30,70.1,,9074025
2025-09-05 11:00:22.098158+05:30,70.1,,9074025
2025-09-05 11:00:22.140778+05:30,70.15,,9074025
2025-09-05 11:00:22.178125+05:30,70.3,,9074025
2025-09-05 11:00:22.298313+05:30,70.4,,9074025
2025-09-05 11:00:22.592634+05:30,70.65,,9074025
2025-09-05 11:00:22.614512+05:30,70.5,,9074025
2025-09-05 11:00:22.753338+05:30,70.6,,9074025
2025-09-05 11:00:22.906402+05:30,70.5,,9074025
2025-09-05 11:00:22.984541+05:30,70.6,,9074025
2025-09-05 11:00:23.167824+05:30,70.6,,9074025
2025-09-05 11:00:23.352688+05:30,70.1,,9074025
2025-09-05 11:00:23.525480+05:30,70.15,,9074025
2025-09-05 11:00:23.688039+05:30,70.15,,9074025
2025-09-05 11:00:23.903591+05:30,70.7,,9074025
2025-09-05 11:00:23.914039+05:30,70.8,,9074025
2025-09-05 11:00:24.109121+05:30,70.75,,9074025
2025-09-05 11:00:24.231842+05:30,71.0,,9074025
2025-09-05 11:00:24.329864+05:30,70.8,,9074025
2025-09-05 11:00:24.550552+05:30,70.5,,9074025
2025-09-05 11:00:24.684256+05:30,70.6,,9074025
2025-09-05 11:00:24.838986+05:30,70.6,,9074025
2025-09-05 11:00:24.993640+05:30,70.05,,9074025
2025-09-05 11:00:25.171851+05:30,70.1,,9074025
2025-09-05 11:00:25.240462+05:30,70.3,,9074025
2025-09-05 11:00:25.401717+05:30,70.0,,9074025
2025-09-05 11:00:25.561853+05:30,70.0,,9074025
2025-09-05 11:00:25.841971+05:30,70.3,,9074025
2025-09-05 11:00:25.935381+05:30,70.3,,9074025
2025-09-05 11:00:26.064249+05:30,70.2,,9074025
2025-09-05 11:00:56.449157+05:30,69.95,,9074025
2025-09-05 11:00:56.500638+05:30,69.85,,9074025
2025-09-05 11:00:56.641386+05:30,69.5,,9074025
2025-09-05 11:00:56.745067+05:30,69.6,,9074025
2025-09-05 11:00:56.993941+05:30,69.45,,9074025
2025-09-05 11:00:57.139756+05:30,69.45,,9074025
2025-09-05 11:00:57.206676+05:30,69.55,,9074025
2025-09-05 11:00:57.471947+05:30,69.3,,9074025
2025-09-05 11:00:57.539312+05:30,69.6,,9074025
2025-09-05 11:00:57.749728+05:30,69.85,,9074025
2025-09-05 11:00:57.825444+05:30,69.85,,9074025
2025-09-05 11:00:57.915851+05:30,69.85,,9074025
2025-09-05 11:00:58.066574+05:30,69.9,,9074025
2025-09-05 11:00:58.094060+05:30,70.05,,9074025
2025-09-05 11:00:58.240252+05:30,70.0,,9074025
2025-09-05 11:00:58.392217+05:30,70.3,,9074025
2025-09-05 11:00:58.505468+05:30,69.9,,9074025
2025-09-05 11:00:58.555497+05:30,70.1,,9074025
2025-09-05 11:00:58.631552+05:30,69.95,,9074025
2025-09-05 11:00:58.722274+05:30,69.9,,9074025
2025-09-05 11:00:58.887548+05:30,70.1,,9074025
2025-09-05 11:00:59.069049+05:30,70.0,,9074025
2025-09-05 11:00:59.279853+05:30,70.05,,9074025
2025-09-05 11:00:59.348192+05:30,69.9,,9074025
2025-09-05 11:00:59.409171+05:30,70.05,,9074025
2025-09-05 11:00:59.555142+05:30,69.95,,9074025
2025-09-05 11:00:59.684799+05:30,70.05,,9074025
2025-09-05 11:00:59.873060+05:30,69.9,,9074025
2025-09-05 11:00:59.959137+05:30,70.1,,9074025
2025-09-05 11:01:00.127323+05:30,70.0,,9074025
2025-09-05 11:01:00.287661+05:30,70.1,,9074025
2025-09-05 11:01:00.339804+05:30,69.95,,9074025
2025-09-05 11:01:00.625077+05:30,69.9,,9074025
2025-09-05 11:01:00.746969+05:30,69.85,,9074025
2025-09-05 11:01:01.039517+05:30,70.45,,9074025
2025-09-05 11:01:01.090187+05:30,70.85,,9074025
2025-09-05 11:01:01.150470+05:30,70.65,,9074025
2025-09-05 11:01:01.204306+05:30,70.45,,9074025
2025-09-05 11:01:01.278385+05:30,70.5,,9074025
2025-09-05 11:01:01.369828+05:30,70.75,,9074025
2025-09-05 11:01:01.526003+05:30,70.8,,9074025
2025-09-05 11:01:01.595162+05:30,71.0,,9074025
2025-09-05 11:01:01.660839+05:30,70.85,,9074025
2025-09-05 11:01:01.749877+05:30,70.6,,9074025
2025-09-05 11:01:01.885623+05:30,70.75,,9074025
2025-09-05 11:01:02.074536+05:30,70.5,,9074025
2025-09-05 11:01:02.090724+05:30,70.75,,9074025
2025-09-05 11:01:02.262697+05:30,70.8,,9074025
2025-09-05 11:01:02.408532+05:30,71.1,,9074025
2025-09-05 11:01:02.503783+05:30,71.0,,9074025
2025-09-05 11:01:02.521800+05:30,70.7,,9074025
2025-09-05 11:01:02.582083+05:30,70.95,,9074025
2025-09-05 11:01:02.785180+05:30,71.2,,9074025
2025-09-05 11:01:02.967913+05:30,70.45,,9074025
2025-09-05 11:01:03.056129+05:30,70.0,,9074025
2025-09-05 11:01:03.079216+05:30,70.2,,9074025
2025-09-05 11:01:03.340211+05:30,69.95,,9074025
2025-09-05 11:01:03.405668+05:30,70.1,,9074025
2025-09-05 11:01:03.492480+05:30,70.1,,9074025
2025-09-05 11:01:03.604615+05:30,69.9,,9074025
2025-09-05 11:01:03.722210+05:30,69.85,,9074025
2025-09-05 11:01:03.896922+05:30,69.95,,9074025
2025-09-05 11:01:04.117924+05:30,70.25,,9074025
2025-09-05 11:01:04.218125+05:30,70.15,,9074025
2025-09-05 11:01:04.278102+05:30,70.15,,9074025
2025-09-05 11:01:04.533245+05:30,70.25,,9074025
2025-09-05 11:01:04.606707+05:30,70.3,,9074025
2025-09-05 11:01:04.882318+05:30,70.5,,9074025
2025-09-05 11:01:04.977944+05:30,70.25,,9074025
2025-09-05 11:01:05.046726+05:30,70.45,,9074025
2025-09-05 11:01:05.217251+05:30,70.4,,9074025
2025-09-05 11:01:05.395957+05:30,70.4,,9074025
2025-09-05 11:01:05.439428+05:30,70.45,,9074025
2025-09-05 11:01:05.541126+05:30,70.4,,9074025
2025-09-05 11:01:05.641419+05:30,70.55,,9074025
2025-09-05 11:01:05.899789+05:30,70.4,,9074025
2025-09-05 11:01:06.034506+05:30,70.5,,9074025
2025-09-05 11:01:06.157617+05:30,70.45,,9074025
2025-09-05 11:01:06.243911+05:30,70.45,,9074025
2025-09-05 11:01:06.420211+05:30,70.45,,9074025
2025-09-05 11:01:06.643539+05:30,70.45,,9074025
2025-09-05 11:01:06.754817+05:30,70.4,,9074025
2025-09-05 11:01:06.855036+05:30,70.5,,9074025
2025-09-05 11:01:06.980368+05:30,70.9,,9074025
2025-09-05 11:01:07.056745+05:30,70.95,,9074025
2025-09-05 11:01:07.186592+05:30,70.85,,9074025
2025-09-05 11:01:07.376313+05:30,71.15,,9074025
2025-09-05 11:01:07.435354+05:30,71.05,,9074025
2025-09-05 11:01:07.587680+05:30,70.9,,9074025
2025-09-05 11:01:07.643297+05:30,70.85,,9074025
2025-09-05 11:01:07.671351+05:30,70.55,,9074025
2025-09-05 11:01:07.755097+05:30,70.1,,9190275
2025-09-05 11:01:07.828526+05:30,69.75,,9190275
2025-09-05 11:01:07.998080+05:30,70.35,,9190275
2025-09-05 11:01:08.062355+05:30,70.15,,9190275
2025-09-05 11:01:08.258405+05:30,69.9,,9190275
2025-09-05 11:01:08.324126+05:30,69.85,,9190275
2025-09-05 11:01:08.365627+05:30,69.85,,9190275
2025-09-05 11:01:08.484319+05:30,70.15,,9190275
2025-09-05 11:01:08.553621+05:30,70.05,,9190275
2025-09-05 11:01:08.728661+05:30,69.75,,9190275
2025-09-05 11:01:08.833159+05:30,69.9,,9190275
2025-09-05 11:01:08.895880+05:30,69.75,,9190275
2025-09-05 11:01:09.049361+05:30,69.8,,9190275
2025-09-05 11:01:09.090372+05:30,69.7,,9190275
2025-09-05 11:01:09.441743+05:30,69.9,,9190275
2025-09-05 11:01:09.488629+05:30,69.75,,9190275
2025-09-05 11:01:09.716221+05:30,70.0,,9190275
2025-09-05 11:01:09.736481+05:30,70.05,,9190275
2025-09-05 11:01:09.798345+05:30,69.95,,9190275
2025-09-05 11:01:09.880905+05:30,70.15,,9190275
2025-09-05 11:01:10.024571+05:30,70.05,,9190275
2025-09-05 11:01:10.170618+05:30,69.8,,9190275
2025-09-05 11:01:10.509184+05:30,69.8,,9190275
2025-09-05 11:01:10.524313+05:30,70.0,,9190275
2025-09-05 11:01:10.825077+05:30,69.85,,9190275
2025-09-05 11:01:10.938785+05:30,69.85,,9190275
2025-09-05 11:01:11.027404+05:30,70.05,,9190275
2025-09-05 11:01:11.186549+05:30,70.15,,9190275
2025-09-05 11:01:11.354104+05:30,70.05,,9190275
2025-09-05 11:01:11.523351+05:30,70.4,,9190275
2025-09-05 11:01:11.562121+05:30,70.45,,9190275
2025-09-05 11:01:11.679613+05:30,70.45,,9190275
2025-09-05 11:01:11.724301+05:30,70.25,,9190275
2025-09-05 11:01:11.783073+05:30,70.4,,9190275
2025-09-05 11:01:11.830854+05:30,70.45,,9190275
2025-09-05 11:01:12.123953+05:30,70.45,,9190275
2025-09-05 11:01:12.189477+05:30,70.2,,9190275
2025-09-05 11:01:12.393302+05:30,70.5,,9190275
2025-09-05 11:01:12.541317+05:30,70.4,,9190275
2025-09-05 11:01:12.580474+05:30,70.3,,9190275
2025-09-05 11:01:12.737135+05:30,70.8,,9190275
2025-09-05 11:01:12.868135+05:30,70.45,,9190275
2025-09-05 11:01:13.033718+05:30,70.7,,9190275
2025-09-05 11:01:13.175623+05:30,70.85,,9190275
2025-09-05 11:01:13.221803+05:30,71.25,,9190275
2025-09-05 11:01:13.305624+05:30,70.95,,9190275
2025-09-05 11:01:13.487357+05:30,70.8,,9190275
2025-09-05 11:01:13.598281+05:30,71.1,,9190275
2025-09-05 11:01:13.764052+05:30,71.0,,9190275
2025-09-05 11:01:13.822377+05:30,71.0,,9190275
2025-09-05 11:01:13.848522+05:30,70.7,,9190275
2025-09-05 11:01:13.991189+05:30,71.0,,9190275
2025-09-05 11:01:14.008513+05:30,70.95,,9190275
2025-09-05 11:01:14.133663+05:30,70.85,,9190275
2025-09-05 11:01:14.243475+05:30,71.0,,9190275
2025-09-05 11:01:14.400589+05:30,70.9,,9190275
2025-09-05 11:01:14.585380+05:30,70.6,,9190275
2025-09-05 11:01:14.714480+05:30,70.65,,9190275
2025-09-05 11:01:14.901412+05:30,70.45,,9190275
2025-09-05 11:01:14.924385+05:30,70.3,,9190275
2025-09-05 11:01:14.980283+05:30,70.15,,9190275
2025-09-05 11:01:15.128854+05:30,70.45,,9190275
2025-09-05 11:01:15.165480+05:30,70.45,,9190275
2025-09-05 11:01:15.409220+05:30,70.45,,9190275
2025-09-05 11:01:15.536128+05:30,70.65,,9190275
2025-09-05 11:01:15.581323+05:30,70.6,,9190275
2025-09-05 11:01:15.662217+05:30,70.65,,9190275
2025-09-05 11:01:15.732201+05:30,70.55,,9190275
2025-09-05 11:01:15.848395+05:30,70.4,,9190275
2025-09-05 11:01:16.096495+05:30,70.4,,9190275
2025-09-05 11:01:16.163517+05:30,70.65,,9190275
2025-09-05 11:01:16.307061+05:30,71.0,,9190275
2025-09-05 11:01:16.350331+05:30,71.2,,9190275
2025-09-05 11:01:16.420993+05:30,71.2,,9190275
2025-09-05 11:01:16.596152+05:30,71.05,,9190275
2025-09-05 11:01:16.705972+05:30,71.05,,9190275
2025-09-05 11:01:16.875742+05:30,71.2,,9190275
2025-09-05 11:01:17.070724+05:30,71.35,,9190275
2025-09-05 11:01:17.236753+05:30,71.35,,9190275
2025-09-05 11:01:17.254703+05:30,71.5,,9190275
2025-09-05 11:01:17.370545+05:30,71.25,,9190275
2025-09-05 11:01:17.445978+05:30,71.45,,9190275
2025-09-05 11:01:17.607753+05:30,71.4,,9190275
2025-09-05 11:01:17.743346+05:30,71.35,,9190275
2025-09-05 11:01:17.833040+05:30,71.55,,9190275
2025-09-05 11:01:18.002189+05:30,71.65,,9190275
2025-09-05 11:01:18.037812+05:30,71.6,,9190275
2025-09-05 11:01:18.266497+05:30,71.7,,9190275
2025-09-05 11:01:18.327052+05:30,71.35,,9190275
2025-09-05 11:01:18.408617+05:30,71.2,,9190275
2025-09-05 11:01:18.509618+05:30,71.4,,9190275
2025-09-05 11:01:18.674781+05:30,71.15,,9190275
2025-09-05 11:01:18.721845+05:30,71.15,,9190275
2025-09-05 11:01:18.759732+05:30,71.25,,9190275
2025-09-05 11:01:18.882687+05:30,70.9,,9190275
2025-09-05 11:01:18.962127+05:30,71.0,,9190275
2025-09-05 11:01:19.184612+05:30,70.9,,9190275
2025-09-05 11:01:19.890874+05:30,71.05,,9190275
2025-09-05 11:01:20.195738+05:30,70.65,,9190275
2025-09-05 11:01:20.684588+05:30,70.9,,9190275
2025-09-05 11:01:20.916673+05:30,70.95,,9190275
2025-09-05 11:01:21.193522+05:30,70.65,,9190275
2025-09-05 11:01:21.680259+05:30,71.0,,9190275
2025-09-05 11:01:21.929793+05:30,70.95,,9190275
2025-09-05 11:01:22.166392+05:30,71.05,,9190275
2025-09-05 11:01:22.894002+05:30,71.0,,9190275
2025-09-05 11:01:23.222364+05:30,70.85,,9190275
2025-09-05 11:01:23.492974+05:30,71.05,,9190275
2025-09-05 11:01:23.927290+05:30,70.85,,9190275
2025-09-05 11:01:24.178277+05:30,70.75,,9190275
2025-09-05 11:01:24.935061+05:30,70.75,,9190275
2025-09-05 11:01:25.141401+05:30,70.75,,9190275
2025-09-05 11:01:25.403314+05:30,70.95,,9190275
2025-09-05 11:01:25.938770+05:30,69.4,,9190275
2025-09-05 11:01:26.208962+05:30,69.65,,9190275
2025-09-05 11:01:26.948803+05:30,69.65,,9190275
2025-09-05 11:01:27.192783+05:30,69.75,,9190275
2025-09-05 11:01:27.932136+05:30,69.8,,9190275
2025-09-05 11:01:28.220772+05:30,69.8,,9190275
2025-09-05 11:01:28.483834+05:30,69.95,,9190275
2025-09-05 11:01:28.937050+05:30,70.2,,9190275
2025-09-05 11:01:29.140730+05:30,70.15,,9190275
2025-09-05 11:01:29.959691+05:30,69.9,,9190275
2025-09-05 11:01:30.203337+05:30,70.05,,9190275
2025-09-05 11:01:30.396743+05:30,70.05,,9190275
2025-09-05 11:01:30.969620+05:30,70.2,,9190275
2025-09-05 11:01:31.171782+05:30,69.8,,9190275
2025-09-05 11:01:31.717932+05:30,69.8,,9190275
2025-09-05 11:01:31.969130+05:30,69.8,,9190275
2025-09-05 11:01:32.162298+05:30,69.55,,9190275
2025-09-05 11:01:32.974373+05:30,69.65,,9190275
2025-09-05 11:01:33.233269+05:30,69.45,,9190275
2025-09-05 11:01:33.423965+05:30,69.7,,9190275
2025-09-05 11:01:33.888383+05:30,70.0,,9190275
2025-09-05 11:01:34.200967+05:30,70.0,,9190275
2025-09-05 11:01:34.979199+05:30,70.15,,9190275
2025-09-05 11:01:35.230618+05:30,70.15,,9190275
2025-09-05 11:01:35.419740+05:30,69.85,,9190275
2025-09-05 11:01:35.923149+05:30,70.15,,9190275
2025-09-05 11:01:36.184509+05:30,70.2,,9190275
2025-09-05 11:01:36.727982+05:30,70.15,,9190275
2025-09-05 11:01:36.942523+05:30,70.5,,9190275
2025-09-05 11:01:37.140705+05:30,70.55,,9190275
2025-09-05 11:01:37.932402+05:30,70.75,,9190275
2025-09-05 11:01:38.266675+05:30,70.6,,9190275
2025-09-05 11:01:38.907277+05:30,71.0,,9190275
2025-09-05 11:01:39.141419+05:30,71.15,,9190275
2025-09-05 11:01:39.937764+05:30,71.25,,9190275
2025-09-05 11:01:40.163279+05:30,71.15,,9190275
2025-09-05 11:01:40.414452+05:30,71.15,,9190275
2025-09-05 11:01:40.920358+05:30,71.0,,9190275
2025-09-05 11:01:41.200196+05:30,71.05,,9190275
2025-09-05 11:01:41.715242+05:30,71.1,,9190275
2025-09-05 11:01:41.980846+05:30,71.0,,9190275
2025-09-05 11:01:42.223694+05:30,71.0,,9190275
2025-09-05 11:01:42.919309+05:30,70.55,,9190275
2025-09-05 11:01:43.249422+05:30,70.35,,9190275
2025-09-05 11:01:43.390636+05:30,70.5,,9190275
2025-09-05 11:01:43.939579+05:30,70.4,,9190275
2025-09-05 11:01:44.244335+05:30,70.4,,9190275
2025-09-05 11:01:44.922593+05:30,70.7,,9190275
2025-09-05 11:01:45.222797+05:30,70.75,,9190275
2025-09-05 11:01:45.640651+05:30,70.7,,9190275
2025-09-05 11:01:45.936406+05:30,71.0,,9190275
2025-09-05 11:01:46.227142+05:30,70.8,,9190275
2025-09-05 11:01:46.958569+05:30,71.0,,9190275
2025-09-05 11:01:47.140663+05:30,70.85,,9190275
2025-09-05 11:01:47.907373+05:30,71.0,,9190275
2025-09-05 11:01:48.189740+05:30,70.85,,9190275
2025-09-05 11:01:48.475640+05:30,71.1,,9190275
2025-09-05 11:01:48.896819+05:30,70.7,,9190275
2025-09-05 11:01:49.185443+05:30,70.7,,9190275
2025-09-05 11:01:49.911384+05:30,70.5,,9190275
2025-09-05 11:01:50.226706+05:30,70.4,,9190275
2025-09-05 11:01:50.692933+05:30,70.6,,9190275
2025-09-05 11:01:50.924786+05:30,70.5,,9190275
2025-09-05 11:01:51.171175+05:30,70.55,,9190275
2025-09-05 11:01:52.003166+05:30,70.85,,9190275
2025-09-05 11:01:52.182133+05:30,70.95,,9190275
2025-09-05 11:01:52.938385+05:30,71.0,,9190275
2025-09-05 11:01:53.206391+05:30,70.9,,9190275
2025-09-05 11:01:53.696221+05:30,70.6,,9190275
2025-09-05 11:01:53.914207+05:30,70.85,,9190275
2025-09-05 11:01:54.181902+05:30,70.6,,9190275
2025-09-05 11:01:54.943200+05:30,70.65,,9190275
2025-09-05 11:01:55.237190+05:30,71.0,,9190275
2025-09-05 11:01:55.649140+05:30,71.0,,9190275
2025-09-05 11:01:55.912727+05:30,70.95,,9190275
2025-09-05 11:01:56.183042+05:30,70.9,,9190275
2025-09-05 11:01:56.640991+05:30,71.15,,9190275
2025-09-05 11:01:56.946093+05:30,71.05,,9190275
2025-09-05 11:01:57.177093+05:30,71.25,,9190275
2025-09-05 11:01:57.935003+05:30,71.25,,9190275
2025-09-05 11:01:58.160184+05:30,71.5,,9190275
2025-09-05 11:01:58.687089+05:30,71.35,,9190275
2025-09-05 11:01:58.907764+05:30,71.55,,9190275
2025-09-05 11:01:59.220829+05:30,71.4,,9190275
2025-09-05 11:01:59.975824+05:30,71.55,,9190275
2025-09-05 11:02:00.207357+05:30,71.55,,9190275
2025-09-05 11:02:00.407969+05:30,71.55,,9190275
2025-09-05 11:02:01.167208+05:30,71.25,,9190275
2025-09-05 11:02:01.730618+05:30,71.7,,9190275
2025-09-05 11:02:01.939745+05:30,71.25,,9190275
2025-09-05 11:02:02.231241+05:30,71.2,,9190275
2025-09-05 11:02:02.917588+05:30,71.5,,9190275
2025-09-05 11:02:03.220883+05:30,71.6,,9190275
2025-09-05 11:02:03.732814+05:30,71.55,,9190275
2025-09-05 11:02:03.937456+05:30,71.45,,9190275
2025-09-05 11:02:04.164771+05:30,71.6,,9190275
2025-09-05 11:02:04.940786+05:30,71.3,,9190275
2025-09-05 11:02:05.256673+05:30,71.45,,9190275
2025-09-05 11:02:05.395002+05:30,71.3,,9190275
2025-09-05 11:02:05.934482+05:30,71.2,,9190275
2025-09-05 11:02:06.179900+05:30,71.2,,9190275
2025-09-05 11:02:06.689831+05:30,71.2,,9190275
2025-09-05 11:02:07.009115+05:30,71.5,,9190275
2025-09-05 11:02:07.251927+05:30,71.4,,9190275
2025-09-05 11:02:07.919270+05:30,71.25,,9190275
2025-09-05 11:02:08.176274+05:30,71.45,,9190275
2025-09-05 11:02:08.424601+05:30,71.5,,9190275
2025-09-05 11:02:08.717534+05:30,71.75,,9190275
2025-09-05 11:02:08.919771+05:30,71.8,,9190275
2025-09-05 11:02:09.254924+05:30,72.3,,9190275
2025-09-05 11:02:09.945421+05:30,72.35,,9190275
2025-09-05 11:02:10.160319+05:30,72.2,,9190275
2025-09-05 11:02:10.417891+05:30,72.3,,9190275
2025-09-05 11:02:10.890471+05:30,72.15,,9190275
2025-09-05 11:02:11.407118+05:30,72.3,,9190275
2025-09-05 11:02:11.740244+05:30,72.05,,9190275
2025-09-05 11:02:11.941320+05:30,71.7,,9190275
2025-09-05 11:02:12.186332+05:30,71.7,,9190275
2025-09-05 11:02:12.978243+05:30,71.4,,9190275
2025-09-05 11:02:13.431453+05:30,71.4,,9190275
2025-09-05 11:02:13.695503+05:30,71.5,,9190275
2025-09-05 11:02:13.905270+05:30,71.45,,9190275
2025-09-05 11:02:14.453119+05:30,71.4,,9190275
2025-09-05 11:02:14.957744+05:30,70.9,,9190275
2025-09-05 11:02:15.173036+05:30,70.85,,9190275
2025-09-05 11:02:15.401235+05:30,70.8,,9190275
2025-09-05 11:02:15.912505+05:30,70.9,,9190275
2025-09-05 11:02:16.141101+05:30,70.8,,9190275
2025-09-05 11:02:16.757171+05:30,70.95,,9190275
2025-09-05 11:02:16.907387+05:30,70.95,,9190275
2025-09-05 11:02:17.228228+05:30,70.6,,9190275
2025-09-05 11:02:18.033790+05:30,70.85,,9190275
2025-09-05 11:02:18.413145+05:30,70.9,,9190275
2025-09-05 11:02:18.662127+05:30,70.9,,9190275
2025-09-05 11:02:19.001940+05:30,71.1,,9190275
2025-09-05 11:02:19.235901+05:30,70.9,,9190275
2025-09-05 11:02:19.907791+05:30,70.85,,9190275
2025-09-05 11:02:20.402635+05:30,70.95,,9190275
2025-09-05 11:02:20.890376+05:30,70.9,,9190275
2025-09-05 11:02:21.390779+05:30,71.0,,9190275
2025-09-05 11:02:21.640667+05:30,70.95,,9190275
2025-09-05 11:02:21.939920+05:30,70.75,,9190275
2025-09-05 11:02:22.192027+05:30,71.0,,9190275
2025-09-05 11:02:22.987748+05:30,70.8,,9190275
2025-09-05 11:02:23.447081+05:30,70.8,,9190275
2025-09-05 11:02:23.659077+05:30,70.75,,9190275
2025-09-05 11:02:23.965287+05:30,70.85,,9190275
2025-09-05 11:02:24.202561+05:30,70.95,,9190275
2025-09-05 11:02:24.912129+05:30,71.05,,9190275
2025-09-05 11:02:25.393579+05:30,71.05,,9190275
2025-09-05 11:02:25.640454+05:30,71.0,,9190275
2025-09-05 11:02:26.178612+05:30,70.9,,9190275
2025-09-05 11:02:26.390377+05:30,70.9,,9190275
2025-09-05 11:02:26.668315+05:30,70.8,,9190275
2025-09-05 11:02:26.940207+05:30,70.95,,9190275
2025-09-05 11:02:27.256155+05:30,70.85,,9190275
2025-09-05 11:02:27.907477+05:30,70.85,,9190275
2025-09-05 11:02:28.456056+05:30,71.0,,9190275
2025-09-05 11:02:28.705801+05:30,71.0,,9190275
2025-09-05 11:02:28.918408+05:30,71.0,,9190275
2025-09-05 11:02:29.423284+05:30,71.0,,9190275
2025-09-05 11:02:29.895307+05:30,70.85,,9190275
2025-09-05 11:02:30.483790+05:30,70.8,,9190275
2025-09-05 11:02:30.657275+05:30,70.8,,9190275
2025-09-05 11:02:30.915857+05:30,70.95,,9190275
2025-09-05 11:02:31.205239+05:30,70.9,,9190275
2025-09-05 11:02:31.680029+05:30,71.0,,9190275
2025-09-05 11:02:31.960983+05:30,71.05,,9190275
2025-09-05 11:02:32.171048+05:30,71.05,,9190275
2025-09-05 11:02:32.944897+05:30,70.95,,9190275
2025-09-05 11:02:33.397644+05:30,71.0,,9190275
2025-09-05 11:02:33.654823+05:30,71.0,,9190275
2025-09-05 11:02:33.923799+05:30,70.85,,9190275
2025-09-05 11:02:34.236385+05:30,70.55,,9190275
2025-09-05 11:02:34.914609+05:30,70.85,,9190275
2025-09-05 11:02:35.392491+05:30,70.5,,9190275
2025-09-05 11:02:35.917453+05:30,70.35,,9190275
2025-09-05 11:02:36.171450+05:30,70.25,,9190275
2025-09-05 11:02:36.895566+05:30,70.35,,9190275
2025-09-05 11:02:37.189070+05:30,70.2,,9190275
2025-09-05 11:02:37.984828+05:30,70.15,,9190275
2025-09-05 11:02:38.402024+05:30,70.25,,9190275
2025-09-05 11:02:38.658558+05:30,70.15,,9190275
2025-09-05 11:02:39.003986+05:30,70.3,,9190275
2025-09-05 11:02:39.449991+05:30,70.15,,9190275
2025-09-05 11:02:40.164685+05:30,69.55,,9190275
2025-09-05 11:02:40.419271+05:30,69.5,,9190275
2025-09-05 11:02:40.891449+05:30,69.85,,9190275
2025-09-05 11:02:41.212235+05:30,69.75,,9190275
2025-09-05 11:02:41.637715+05:30,69.65,,9190275
2025-09-05 11:02:41.932178+05:30,70.05,,9190275
2025-09-05 11:02:42.141051+05:30,69.85,,9190275
2025-09-05 11:02:42.885499+05:30,70.4,,9190275
2025-09-05 11:02:43.141242+05:30,70.3,,9190275
2025-09-05 11:02:43.673336+05:30,70.15,,9190275
2025-09-05 11:02:43.944763+05:30,70.45,,9190275
2025-09-05 11:02:44.429072+05:30,70.15,,9190275
2025-09-05 11:02:44.912993+05:30,70.5,,9190275
2025-09-05 11:02:45.185210+05:30,70.15,,9190275
2025-09-05 11:02:45.890505+05:30,70.1,,9190275
2025-09-05 11:02:46.178581+05:30,70.3,,9190275
2025-09-05 11:02:46.713412+05:30,70.1,,9190275
2025-09-05 11:02:46.917825+05:30,70.0,,9190275
2025-09-05 11:02:47.192911+05:30,70.0,,9190275
2025-09-05 11:02:47.918899+05:30,69.7,,9190275
2025-09-05 11:02:48.407739+05:30,69.65,,9190275
2025-09-05 11:02:48.640472+05:30,69.75,,9190275
2025-09-05 11:02:48.960813+05:30,69.65,,9190275
2025-09-05 11:02:49.426492+05:30,69.95,,9190275
2025-09-05 11:02:49.967968+05:30,70.35,,9190275
2025-09-05 11:02:50.167549+05:30,70.4,,9190275
2025-09-05 11:02:50.913480+05:30,70.35,,9190275
2025-09-05 11:02:51.475571+05:30,70.25,,9190275
2025-09-05 11:02:51.656986+05:30,70.15,,9190275
2025-09-05 11:02:51.958906+05:30,70.2,,9190275
2025-09-05 11:02:52.233771+05:30,70.3,,9190275
2025-09-05 11:02:52.912332+05:30,70.15,,9190275
2025-09-05 11:02:53.450196+05:30,70.15,,9190275
2025-09-05 11:02:53.657144+05:30,70.25,,9190275
2025-09-05 11:02:53.941164+05:30,70.45,,9190275
2025-09-05 11:02:54.439769+05:30,70.3,,9190275
2025-09-05 11:02:54.950718+05:30,70.25,,9190275
2025-09-05 11:02:55.445933+05:30,69.9,,9190275
2025-09-05 11:02:55.928618+05:30,69.9,,9190275
2025-09-05 11:02:56.397442+05:30,70.25,,9190275
2025-09-05 11:02:56.933771+05:30,70.25,,9190275
2025-09-05 11:02:57.390260+05:30,70.25,,9190275
2025-09-05 11:02:57.919051+05:30,69.85,,9190275
2025-09-05 11:02:58.412203+05:30,69.85,,9190275
2025-09-05 11:02:58.710213+05:30,69.8,,9190275
2025-09-05 11:02:58.911933+05:30,69.95,,9190275
2025-09-05 11:02:59.140229+05:30,70.0,,9190275
2025-09-05 11:02:59.937676+05:30,69.6,,9190275
2025-09-05 11:03:00.387759+05:30,69.85,,9190275
2025-09-05 11:03:00.670279+05:30,69.85,,9190275
2025-09-05 11:03:00.996414+05:30,69.7,,9190275
2025-09-05 11:03:01.478082+05:30,69.65,,9190275
2025-09-05 11:03:02.064314+05:30,69.65,,9190275
2025-09-05 11:03:02.190854+05:30,69.85,,9190275
2025-09-05 11:03:02.961098+05:30,69.5,,9190275
2025-09-05 11:03:03.423538+05:30,69.65,,9190275
2025-09-05 11:03:03.681662+05:30,69.75,,9190275
2025-09-05 11:03:03.944780+05:30,69.75,,9190275
2025-09-05 11:03:04.259349+05:30,69.5,,9190275
2025-09-05 11:03:04.917693+05:30,69.95,,9190275
2025-09-05 11:03:05.409371+05:30,69.95,,9190275
2025-09-05 11:03:05.890302+05:30,69.8,,9190275
2025-09-05 11:03:06.451107+05:30,69.8,,9190275
2025-09-05 11:03:06.961583+05:30,69.8,,9190275
2025-09-05 11:03:07.162967+05:30,69.65,,9190275
2025-09-05 11:03:07.981463+05:30,69.7,,9190275
2025-09-05 11:03:08.184189+05:30,69.6,,9190275
2025-09-05 11:03:08.408464+05:30,69.15,,9190275
2025-09-05 11:03:09.007310+05:30,69.3,,9190275
2025-09-05 11:03:09.412214+05:30,69.5,,9190275
2025-09-05 11:03:09.940134+05:30,69.55,,9190275
2025-09-05 11:03:10.435094+05:30,70.0,,9190275
2025-09-05 11:03:10.934923+05:30,70.0,,9190275
2025-09-05 11:03:11.217999+05:30,69.85,,9190275
2025-09-05 11:03:11.447160+05:30,69.9,,9190275
2025-09-05 11:03:12.031374+05:30,69.9,,9190275
2025-09-05 11:03:12.440129+05:30,69.85,,9190275
2025-09-05 11:03:12.928407+05:30,69.6,,9190275
2025-09-05 11:03:13.172795+05:30,68.85,,9190275
2025-09-05 11:03:13.640036+05:30,69.15,,9190275
2025-09-05 11:03:13.961722+05:30,69.15,,9190275
2025-09-05 11:03:14.434449+05:30,69.25,,9190275
2025-09-05 11:03:15.027983+05:30,69.3,,9190275
2025-09-05 11:03:15.174797+05:30,69.4,,9190275
2025-09-05 11:03:15.894939+05:30,69.45,,9190275
2025-09-05 11:03:16.390742+05:30,69.5,,9190275
2025-09-05 11:03:16.717637+05:30,69.55,,9190275
2025-09-05 11:03:16.923907+05:30,69.4,,9190275
2025-09-05 11:03:17.429580+05:30,69.4,,9190275
2025-09-05 11:03:17.928907+05:30,69.6,,9190275
2025-09-05 11:03:18.159313+05:30,69.45,,9190275
2025-09-05 11:03:18.451984+05:30,69.45,,9190275
2025-09-05 11:03:18.951605+05:30,69.5,,9190275
2025-09-05 11:03:19.173611+05:30,69.6,,9190275
2025-09-05 11:03:19.661972+05:30,69.6,,9190275
2025-09-05 11:03:19.950982+05:30,69.6,,9190275
2025-09-05 11:03:20.237785+05:30,69.45,,9190275
2025-09-05 11:03:20.991120+05:30,69.4,,9190275
2025-09-05 11:03:21.422683+05:30,69.4,,9190275
2025-09-05 11:03:21.933251+05:30,69.15,,9190275
2025-09-05 11:03:22.390952+05:30,68.95,,9190275
2025-09-05 11:03:22.890115+05:30,69.3,,9190275
2025-09-05 11:03:23.231205+05:30,69.2,,9190275
2025-09-05 11:03:23.426335+05:30,69.35,,9190275
2025-09-05 11:03:23.983062+05:30,69.3,,9190275
2025-09-05 11:03:24.390066+05:30,69.3,,9190275
2025-09-05 11:03:24.640042+05:30,69.4,,9190275
2025-09-05 11:03:24.890051+05:30,69.45,,9190275
2025-09-05 11:03:25.140435+05:30,69.3,,9190275
2025-09-05 11:03:25.923499+05:30,69.35,,9190275
2025-09-05 11:03:26.410280+05:30,69.3,,9190275
2025-09-05 11:03:26.930283+05:30,69.25,,9190275
2025-09-05 11:03:27.411858+05:30,69.25,,9190275
2025-09-05 11:03:27.890145+05:30,69.2,,9190275
2025-09-05 11:03:28.248343+05:30,69.3,,9190275
2025-09-05 11:03:28.890498+05:30,69.15,,9190275
2025-09-05 11:03:29.176311+05:30,68.9,,9190275
2025-09-05 11:03:29.412036+05:30,68.75,,9190275
2025-09-05 11:03:29.694106+05:30,68.65,,9190275
2025-09-05 11:03:29.964142+05:30,68.75,,9190275
2025-09-05 11:03:30.434784+05:30,68.7,,9190275
2025-09-05 11:03:30.985704+05:30,68.7,,9190275
2025-09-05 11:03:31.206205+05:30,68.8,,9190275
2025-09-05 11:03:31.423242+05:30,68.4,,9190275
2025-09-05 11:03:31.906279+05:30,68.6,,9190275
2025-09-05 11:03:32.388398+05:30,68.6,,9190275
2025-09-05 11:03:32.933712+05:30,68.65,,9190275
2025-09-05 11:03:33.163780+05:30,68.5,,9190275
2025-09-05 11:03:33.922390+05:30,68.45,,9190275
2025-09-05 11:03:34.416393+05:30,68.35,,9190275
2025-09-05 11:03:34.939024+05:30,68.0,,9190275
2025-09-05 11:03:35.412085+05:30,68.4,,9190275
2025-09-05 11:03:35.925396+05:30,68.6,,9190275
2025-09-05 11:03:36.209087+05:30,68.15,,9190275
2025-09-05 11:03:36.948515+05:30,68.1,,9190275
2025-09-05 11:03:37.435189+05:30,67.9,,9190275
2025-09-05 11:03:37.634797+05:30,68.1,,9190275
2025-09-05 11:03:37.923255+05:30,68.0,,9190275
2025-09-05 11:03:38.420475+05:30,67.8,,9190275
2025-09-05 11:03:38.923112+05:30,67.85,,9190275
2025-09-05 11:03:39.156774+05:30,67.7,,9190275
2025-09-05 11:03:39.386469+05:30,67.55,,9190275
2025-09-05 11:03:39.912677+05:30,67.8,,9190275
2025-09-05 11:03:40.402502+05:30,67.6,,9190275
2025-09-05 11:03:40.889972+05:30,67.6,,9190275
2025-09-05 11:03:41.192815+05:30,68.15,,9190275
2025-09-05 11:03:41.409085+05:30,68.3,,9190275
2025-09-05 11:03:41.901706+05:30,68.5,,9190275
2025-09-05 11:03:42.429318+05:30,68.55,,9190275
2025-09-05 11:03:42.645838+05:30,68.7,,9190275
2025-09-05 11:03:42.977224+05:30,68.45,,9190275
2025-09-05 11:03:43.390521+05:30,68.6,,9190275
2025-09-05 11:03:43.912893+05:30,68.6,,9214875
2025-09-05 11:03:44.135052+05:30,68.85,,9214875
2025-09-05 11:03:44.422085+05:30,69.1,,9214875
2025-09-05 11:03:45.019961+05:30,69.3,,9214875
2025-09-05 11:03:45.435254+05:30,69.15,,9214875
2025-09-05 11:03:45.992841+05:30,69.0,,9214875
2025-09-05 11:03:46.239415+05:30,68.6,,9214875
2025-09-05 11:03:46.390610+05:30,68.5,,9214875
2025-09-05 11:03:46.925481+05:30,68.6,,9214875
2025-09-05 11:03:47.191628+05:30,68.45,,9214875
2025-09-05 11:03:47.639885+05:30,68.2,,9214875
2025-09-05 11:03:47.960711+05:30,68.0,,9214875
2025-09-05 11:03:48.157912+05:30,67.9,,9214875
2025-09-05 11:03:48.895859+05:30,68.0,,9214875
2025-09-05 11:03:49.413955+05:30,67.85,,9214875
2025-09-05 11:03:49.934119+05:30,68.0,,9214875
2025-09-05 11:03:50.164419+05:30,67.9,,9214875
2025-09-05 11:03:50.919473+05:30,68.1,,9214875
2025-09-05 11:03:51.161161+05:30,68.0,,9214875
2025-09-05 11:03:51.436389+05:30,67.8,,9214875
2025-09-05 11:03:51.898122+05:30,67.75,,9214875
2025-09-05 11:03:52.205098+05:30,67.9,,9214875
2025-09-05 11:03:52.906802+05:30,67.3,,9214875
2025-09-05 11:03:53.169823+05:30,67.3,,9214875
2025-09-05 11:03:54.209077+05:30,67.2,,9214875
2025-09-05 11:03:54.639860+05:30,67.1,,9214875
2025-09-05 11:03:55.139286+05:30,67.15,,9214875
2025-09-05 11:03:56.140746+05:30,67.3,,9214875
2025-09-05 11:03:56.435555+05:30,67.35,,9214875
2025-09-05 11:03:57.145336+05:30,67.45,,9214875
2025-09-05 11:03:57.933738+05:30,67.5,,9214875
2025-09-05 11:03:58.188628+05:30,67.5,,9214875
2025-09-05 11:03:59.140619+05:30,67.7,,9214875
2025-09-05 11:03:59.641654+05:30,67.7,,9214875
2025-09-05 11:04:00.184286+05:30,68.0,,9214875
2025-09-05 11:04:00.699051+05:30,68.0,,9214875
2025-09-05 11:04:01.249105+05:30,68.1,,9214875
2025-09-05 11:04:01.405150+05:30,68.05,,9214875
2025-09-05 11:04:02.254279+05:30,68.35,,9214875
2025-09-05 11:04:02.952952+05:30,68.5,,9214875
2025-09-05 11:04:03.186388+05:30,68.5,,9214875
2025-09-05 11:04:04.167247+05:30,68.3,,9214875
2025-09-05 11:04:04.454110+05:30,68.75,,9214875
2025-09-05 11:04:05.251428+05:30,68.95,,9214875
2025-09-05 11:04:06.281207+05:30,68.8,,9214875
2025-09-05 11:04:07.189587+05:30,69.15,,9214875
2025-09-05 11:04:07.391367+05:30,69.25,,9214875
2025-09-05 11:04:07.942907+05:30,69.35,,9214875
2025-09-05 11:04:08.196585+05:30,69.15,,9214875
2025-09-05 11:04:09.159719+05:30,69.05,,9214875
2025-09-05 11:04:09.439933+05:30,69.45,,9214875
2025-09-05 11:04:10.230328+05:30,69.75,,9214875
2025-09-05 11:04:10.416850+05:30,69.4,,9214875
2025-09-05 11:04:11.220364+05:30,69.6,,9214875
2025-09-05 11:04:12.203150+05:30,68.9,,9214875
2025-09-05 11:04:12.900219+05:30,68.8,,9214875
2025-09-05 11:04:13.201683+05:30,68.9,,9214875
2025-09-05 11:04:14.139707+05:30,68.9,,9214875
2025-09-05 11:04:14.426558+05:30,68.95,,9214875
2025-09-05 11:04:14.649532+05:30,68.95,,9214875
2025-09-05 11:04:15.200308+05:30,69.3,,9214875
2025-09-05 11:04:16.223561+05:30,69.2,,9214875
2025-09-05 11:04:17.204426+05:30,69.55,,9214875
2025-09-05 11:04:17.662108+05:30,69.45,,9214875
2025-09-05 11:04:18.200789+05:30,69.8,,9214875
2025-09-05 11:04:18.389621+05:30,69.9,,9214875
2025-09-05 11:04:19.242156+05:30,69.75,,9214875
2025-09-05 11:04:19.394776+05:30,70.1,,9214875
2025-09-05 11:04:20.147589+05:30,70.1,,9214875
2025-09-05 11:04:20.405417+05:30,70.0,,9214875
2025-09-05 11:04:21.208326+05:30,70.05,,9214875
2025-09-05 11:04:22.197771+05:30,70.0,,9214875
2025-09-05 11:04:22.639678+05:30,70.35,,9214875
2025-09-05 11:04:23.183035+05:30,70.4,,9214875
2025-09-05 11:04:23.422105+05:30,70.4,,9214875
2025-09-05 11:04:24.140603+05:30,70.55,,9214875
2025-09-05 11:04:24.639755+05:30,70.5,,9214875
2025-09-05 11:04:25.211361+05:30,70.65,,9214875
2025-09-05 11:04:25.412096+05:30,70.7,,9214875
2025-09-05 11:04:26.189177+05:30,71.0,,9214875
2025-09-05 11:04:27.158295+05:30,71.0,,9214875
2025-09-05 11:04:27.641234+05:30,71.0,,9214875
2025-09-05 11:04:28.272723+05:30,71.2,,9214875
2025-09-05 11:04:28.420817+05:30,71.15,,9214875
2025-09-05 11:04:29.179576+05:30,71.2,,9214875
2025-09-05 11:04:29.641732+05:30,71.3,,9214875
2025-09-05 11:04:30.220523+05:30,71.35,,9214875
2025-09-05 11:04:30.389718+05:30,71.35,,9214875
2025-09-05 11:04:30.651578+05:30,71.35,,9214875
2025-09-05 11:04:31.141831+05:30,76.35,,9214875
2025-09-05 11:04:32.184497+05:30,75.55,,9214875
2025-09-05 11:04:32.664315+05:30,75.3,,9214875
2025-09-05 11:04:33.172307+05:30,76.1,,9214875
2025-09-05 11:04:33.408414+05:30,76.1,,9214875
2025-09-05 11:04:34.210980+05:30,75.55,,9214875
2025-09-05 11:04:34.417114+05:30,75.75,,9214875
2025-09-05 11:04:34.661337+05:30,75.6,,9214875
2025-09-05 11:04:35.195199+05:30,75.35,,9214875
2025-09-05 11:04:36.213544+05:30,74.6,,9214875
2025-09-05 11:04:36.401840+05:30,74.25,,9214875
2025-09-05 11:04:37.192116+05:30,74.8,,9214875
2025-09-05 11:04:37.640650+05:30,74.9,,9214875
2025-09-05 11:04:38.172265+05:30,74.9,,9214875
2025-09-05 11:04:38.426862+05:30,75.0,,9214875
2025-09-05 11:04:39.193337+05:30,74.45,,9214875
2025-09-05 11:04:39.458595+05:30,74.4,,9214875
2025-09-05 11:04:39.652873+05:30,74.5,,9214875
2025-09-05 11:04:40.212454+05:30,74.45,,9214875
2025-09-05 11:04:40.416765+05:30,74.55,,9214875
2025-09-05 11:04:41.185756+05:30,74.65,,9214875
2025-09-05 11:04:42.154069+05:30,74.8,,9214875
2025-09-05 11:04:42.419892+05:30,74.8,,9214875
2025-09-05 11:04:42.643377+05:30,74.65,,9214875
2025-09-05 11:04:43.202847+05:30,74.8,,9214875
2025-09-05 11:04:43.401358+05:30,75.0,,9214875
2025-09-05 11:04:44.208154+05:30,75.0,,9214875
2025-09-05 11:04:44.389547+05:30,75.15,,9214875
2025-09-05 11:04:44.673235+05:30,74.65,,9214875
2025-09-05 11:04:45.201218+05:30,74.85,,9214875
2025-09-05 11:04:45.398328+05:30,74.8,,9214875
2025-09-05 11:04:46.226926+05:30,74.35,,9214875
2025-09-05 11:04:47.151045+05:30,74.25,,9214875
2025-09-05 11:04:47.656565+05:30,74.3,,9214875
2025-09-05 11:04:48.189095+05:30,74.65,,9214875
2025-09-05 11:04:48.415793+05:30,74.4,,9214875
2025-09-05 11:04:49.216286+05:30,74.4,,9214875
2025-09-05 11:04:49.424859+05:30,74.9,,9214875
2025-09-05 11:04:49.694330+05:30,75.4,,9214875
2025-09-05 11:04:50.184424+05:30,75.0,,9214875
2025-09-05 11:04:50.406991+05:30,74.95,,9214875
2025-09-05 11:04:51.161705+05:30,75.35,,9214875
2025-09-05 11:04:52.173760+05:30,75.15,,9214875
2025-09-05 11:04:52.424171+05:30,75.2,,9214875
2025-09-05 11:04:52.666819+05:30,75.35,,9214875
2025-09-05 11:04:53.139586+05:30,75.35,,9214875
2025-09-05 11:04:54.207227+05:30,75.65,,9214875
2025-09-05 11:04:54.469264+05:30,75.85,,9214875
2025-09-05 11:04:54.720209+05:30,75.55,,9214875
2025-09-05 11:04:55.178963+05:30,75.7,,9214875
2025-09-05 11:04:56.213221+05:30,75.45,,9214875
2025-09-05 11:04:56.429249+05:30,75.55,,9214875
2025-09-05 11:04:57.189420+05:30,75.35,,9214875
2025-09-05 11:04:57.661355+05:30,75.55,,9214875
2025-09-05 11:04:58.139635+05:30,75.55,,9214875
2025-09-05 11:04:58.439659+05:30,75.5,,9214875
2025-09-05 11:04:59.219194+05:30,76.25,,9214875
2025-09-05 11:04:59.663352+05:30,76.65,,9214875
2025-09-05 11:05:00.191881+05:30,77.2,,9214875
2025-09-05 11:05:00.389501+05:30,77.4,,9214875
2025-09-05 11:05:00.684381+05:30,77.4,,9214875
2025-09-05 11:05:01.241330+05:30,76.3,,9214875
2025-09-05 11:05:02.200210+05:30,76.4,,9214875
2025-09-05 11:05:02.708890+05:30,76.2,,9214875
2025-09-05 11:05:03.255905+05:30,76.4,,9214875
2025-09-05 11:05:03.449996+05:30,76.4,,9214875
2025-09-05 11:05:04.179189+05:30,77.3,,9214875
2025-09-05 11:05:04.392490+05:30,77.15,,9214875
2025-09-05 11:05:04.944415+05:30,77.2,,9214875
2025-09-05 11:05:05.194743+05:30,77.05,,9214875
2025-09-05 11:05:05.424858+05:30,77.6,,9214875
2025-09-05 11:05:06.174850+05:30,77.5,,9214875
2025-09-05 11:05:06.428134+05:30,77.5,,9214875
2025-09-05 11:05:07.244290+05:30,77.5,,9214875
2025-09-05 11:05:07.647341+05:30,77.4,,9214875
2025-09-05 11:05:08.237433+05:30,77.05,,9214875
2025-09-05 11:05:08.384522+05:30,77.15,,9214875
2025-09-05 11:05:09.260713+05:30,76.2,,9214875
2025-09-05 11:05:09.412484+05:30,76.35,,9214875
2025-09-05 11:05:09.692370+05:30,76.45,,9214875
2025-09-05 11:05:10.267284+05:30,77.35,,9214875
2025-09-05 11:05:11.181325+05:30,77.55,,9214875
2025-09-05 11:05:12.199745+05:30,78.1,,9214875
2025-09-05 11:05:12.411425+05:30,77.85,,9214875
2025-09-05 11:05:12.651363+05:30,78.15,,9214875
2025-09-05 11:05:13.206279+05:30,78.5,,9214875
2025-09-05 11:05:14.164611+05:30,78.35,,9214875
2025-09-05 11:05:14.411407+05:30,78.3,,9214875
2025-09-05 11:05:14.654233+05:30,78.55,,9214875
2025-09-05 11:05:15.189291+05:30,78.4,,9214875
2025-09-05 11:05:16.179068+05:30,78.6,,9214875
2025-09-05 11:05:16.460053+05:30,78.65,,9214875
2025-09-05 11:05:17.155077+05:30,77.85,,9214875
2025-09-05 11:05:17.685150+05:30,77.15,,9214875
2025-09-05 11:05:17.993558+05:30,77.25,,9214875
2025-09-05 11:05:18.230362+05:30,76.7,,9214875
2025-09-05 11:05:18.384367+05:30,76.65,,9214875
2025-09-05 11:05:19.268886+05:30,76.6,,9214875
2025-09-05 11:05:19.460432+05:30,76.95,,9214875
2025-09-05 11:05:20.163358+05:30,76.45,,9214875
2025-09-05 11:05:20.976872+05:30,76.5,,9214875
2025-09-05 11:05:21.216972+05:30,75.95,,9214875
2025-09-05 11:05:22.203244+05:30,75.85,,9214875
2025-09-05 11:05:22.428946+05:30,75.55,,9214875
2025-09-05 11:05:22.680373+05:30,75.35,,9214875
2025-09-05 11:05:22.987798+05:30,75.3,,9214875
2025-09-05 11:05:23.173657+05:30,75.05,,9214875
2025-09-05 11:05:24.172849+05:30,75.35,,9214875
2025-09-05 11:05:24.423921+05:30,75.3,,9214875
2025-09-05 11:05:25.266338+05:30,75.6,,9214875
2025-09-05 11:05:25.438403+05:30,75.65,,9214875
2025-09-05 11:05:25.892410+05:30,75.75,,9214875
2025-09-05 11:05:26.243285+05:30,75.6,,9214875
2025-09-05 11:05:26.387082+05:30,75.6,,9214875
2025-09-05 11:05:27.159526+05:30,75.65,,9214875
2025-09-05 11:05:27.725390+05:30,75.7,,9214875
2025-09-05 11:05:27.912695+05:30,75.55,,9214875
2025-09-05 11:05:28.157619+05:30,75.7,,9214875
2025-09-05 11:05:28.398980+05:30,75.65,,9214875
2025-09-05 11:05:29.139341+05:30,75.35,,9214875
2025-09-05 11:05:29.666465+05:30,75.55,,9214875
2025-09-05 11:05:30.168589+05:30,75.2,,9214875
2025-09-05 11:05:30.417370+05:30,75.25,,9214875
2025-09-05 11:05:30.747941+05:30,75.25,,9214875
2025-09-05 11:05:30.936302+05:30,74.95,,9214875
2025-09-05 11:05:31.218276+05:30,75.1,,9214875
2025-09-05 11:05:32.199431+05:30,75.05,,9214875
2025-09-05 11:05:32.639662+05:30,75.2,,9214875
2025-09-05 11:05:32.917770+05:30,75.15,,9214875
2025-09-05 11:05:33.168772+05:30,75.2,,9214875
2025-09-05 11:05:34.141429+05:30,75.6,,9214875
2025-09-05 11:05:34.471431+05:30,75.65,,9214875
2025-09-05 11:05:35.168740+05:30,75.7,,9214875
2025-09-05 11:05:35.472940+05:30,75.7,,9214875
2025-09-05 11:05:35.938029+05:30,75.55,,9214875
2025-09-05 11:05:36.242412+05:30,75.45,,9214875
2025-09-05 11:05:36.411156+05:30,75.3,,9214875
2025-09-05 11:05:37.256317+05:30,75.5,,9214875
2025-09-05 11:05:37.416843+05:30,75.5,,9214875
2025-09-05 11:05:37.684241+05:30,75.7,,9214875
2025-09-05 11:05:37.911096+05:30,75.3,,9214875
2025-09-05 11:05:38.209764+05:30,75.25,,9214875
2025-09-05 11:05:39.252423+05:30,75.5,,9214875
2025-09-05 11:05:39.429528+05:30,75.3,,9214875
2025-09-05 11:05:40.190523+05:30,75.4,,9214875
2025-09-05 11:05:40.456078+05:30,75.35,,9214875
2025-09-05 11:05:41.026578+05:30,75.35,,9214875
2025-09-05 11:05:41.213209+05:30,75.15,,9214875
2025-09-05 11:05:42.275559+05:30,75.0,,9214875
2025-09-05 11:05:42.412947+05:30,75.0,,9214875
2025-09-05 11:05:42.694394+05:30,74.75,,9214875
2025-09-05 11:05:43.155933+05:30,75.0,,9214875
2025-09-05 11:05:43.409327+05:30,74.85,,9214875
2025-09-05 11:05:44.230694+05:30,74.4,,9214875
2025-09-05 11:05:44.656654+05:30,74.4,,9214875
2025-09-05 11:05:45.140263+05:30,74.6,,9214875
2025-09-05 11:05:45.403480+05:30,74.45,,9214875
2025-09-05 11:05:45.927737+05:30,74.6,,9214875
2025-09-05 11:05:46.163705+05:30,74.55,,9214875
2025-09-05 11:05:46.411282+05:30,74.6,,9214875
2025-09-05 11:05:47.165156+05:30,75.2,,9214875
2025-09-05 11:05:47.465871+05:30,75.3,,9214875
2025-09-05 11:05:47.656179+05:30,75.2,,9214875
2025-09-05 11:05:48.148768+05:30,74.9,,9214875
2025-09-05 11:05:48.411364+05:30,75.15,,9214875
2025-09-05 11:05:49.160571+05:30,74.95,,9214875
2025-09-05 11:05:49.406748+05:30,74.9,,9214875
2025-09-05 11:05:50.218154+05:30,74.6,,9214875
2025-09-05 11:05:50.423671+05:30,74.45,,9214875
2025-09-05 11:05:50.640474+05:30,74.3,,9214875
2025-09-05 11:05:50.937861+05:30,74.35,,9214875
2025-09-05 11:05:51.212558+05:30,74.3,,9214875
2025-09-05 11:05:51.389264+05:30,74.25,,9214875
2025-09-05 11:05:52.185227+05:30,74.0,,9214875
2025-09-05 11:05:52.428788+05:30,73.95,,9214875
2025-09-05 11:05:52.938704+05:30,73.75,,9214875
2025-09-05 11:05:53.172536+05:30,73.85,,9214875
2025-09-05 11:05:54.210377+05:30,73.75,,9214875
2025-09-05 11:05:54.455097+05:30,73.6,,9214875
2025-09-05 11:05:55.178371+05:30,73.75,,9214875
2025-09-05 11:05:55.406828+05:30,73.5,,9214875
2025-09-05 11:05:55.674242+05:30,73.7,,9214875
2025-09-05 11:05:56.156645+05:30,73.85,,9214875
2025-09-05 11:05:56.416912+05:30,73.9,,9214875
2025-09-05 11:05:57.277220+05:30,73.65,,9214875
2025-09-05 11:05:57.389114+05:30,73.65,,9214875
2025-09-05 11:05:57.656685+05:30,73.75,,9214875
2025-09-05 11:05:58.164684+05:30,73.55,,9214875
2025-09-05 11:05:59.268454+05:30,73.65,,9214875
2025-09-05 11:05:59.465496+05:30,73.65,,9214875
2025-09-05 11:06:00.207690+05:30,73.95,,9214875
2025-09-05 11:06:00.450647+05:30,74.0,,9214875
2025-09-05 11:06:00.660869+05:30,74.35,,9214875
2025-09-05 11:06:01.202480+05:30,74.2,,9214875
2025-09-05 11:06:02.197199+05:30,74.7,,9214875
2025-09-05 11:06:02.411416+05:30,74.45,,9214875
2025-09-05 11:06:02.639286+05:30,74.4,,9214875
2025-09-05 11:06:03.247363+05:30,74.5,,9214875
2025-09-05 11:06:03.433132+05:30,74.5,,9214875
2025-09-05 11:06:04.228987+05:30,74.55,,9214875
2025-09-05 11:06:04.406321+05:30,74.4,,9214875
2025-09-05 11:06:05.182637+05:30,74.3,,9214875
2025-09-05 11:06:05.411802+05:30,74.5,,9214875
2025-09-05 11:06:05.891322+05:30,74.4,,9214875
2025-09-05 11:06:06.388990+05:30,74.4,,9214875
2025-09-05 11:06:07.203467+05:30,74.25,,9214875
2025-09-05 11:06:07.410620+05:30,73.8,,9214875
2025-09-05 11:06:08.168219+05:30,73.8,,9214875
2025-09-05 11:06:08.421795+05:30,73.75,,9214875
2025-09-05 11:06:09.183536+05:30,73.95,,9214875
2025-09-05 11:06:09.441968+05:30,73.9,,9214875
2025-09-05 11:06:10.139204+05:30,73.75,,9214875
2025-09-05 11:06:10.656943+05:30,73.55,,9214875
2025-09-05 11:06:11.247329+05:30,73.8,,9214875
2025-09-05 11:06:12.184339+05:30,74.0,,9214875
2025-09-05 11:06:12.445244+05:30,74.2,,9214875
2025-09-05 11:06:12.689676+05:30,74.6,,9214875
2025-09-05 11:06:13.186293+05:30,74.5,,9214875
2025-09-05 11:06:13.389877+05:30,74.5,,9214875
2025-09-05 11:06:13.968675+05:30,74.3,,9214875
2025-09-05 11:06:14.224658+05:30,74.6,,9214875
2025-09-05 11:06:15.179709+05:30,74.65,,9214875
2025-09-05 11:06:15.429651+05:30,74.9,,9214875
2025-09-05 11:06:15.646700+05:30,74.85,,9214875
2025-09-05 11:06:16.175087+05:30,74.95,,9214875
2025-09-05 11:06:16.406650+05:30,75.0,,9214875
2025-09-05 11:06:17.215394+05:30,74.75,,9214875
2025-09-05 11:06:17.432552+05:30,74.7,,9214875
2025-09-05 11:06:18.239002+05:30,74.4,,9214875
2025-09-05 11:06:18.449283+05:30,74.2,,9214875
2025-09-05 11:06:18.893852+05:30,74.2,,9214875
2025-09-05 11:06:19.280199+05:30,74.2,,9214875
2025-09-05 11:06:19.454709+05:30,74.2,,9214875
2025-09-05 11:06:20.205228+05:30,74.0,,9214875
2025-09-05 11:06:20.422218+05:30,73.95,,9214875
2025-09-05 11:06:20.639071+05:30,73.95,,9214875
2025-09-05 11:06:21.214987+05:30,74.05,,9214875
2025-09-05 11:06:21.406140+05:30,74.4,,9214875
2025-09-05 11:06:22.148338+05:30,74.3,,9214875
2025-09-05 11:06:22.390449+05:30,74.45,,9214875
2025-09-05 11:06:23.239624+05:30,74.3,,9214875
2025-09-05 11:06:23.508441+05:30,74.55,,9214875
2025-09-05 11:06:23.687731+05:30,74.7,,9214875
2025-09-05 11:06:24.219781+05:30,74.9,,9214875
2025-09-05 11:06:25.164350+05:30,75.25,,9214875
2025-09-05 11:06:25.430243+05:30,75.35,,9214875
2025-09-05 11:06:25.688872+05:30,75.4,,9214875
2025-09-05 11:06:26.265841+05:30,75.8,,9214875
2025-09-05 11:06:26.965321+05:30,75.9,,9214875
2025-09-05 11:06:27.178165+05:30,76.3,,9214875
2025-09-05 11:06:27.432301+05:30,76.55,,9214875
2025-09-05 11:06:28.234187+05:30,76.5,,9214875
2025-09-05 11:06:28.651201+05:30,76.5,,9214875
2025-09-05 11:06:28.911170+05:30,76.6,,9214875
2025-09-05 11:06:29.229925+05:30,76.9,,9214875
2025-09-05 11:06:29.427351+05:30,76.7,,9214875
2025-09-05 11:06:30.179588+05:30,77.15,,9214875
2025-09-05 11:06:30.502914+05:30,77.5,,9214875
2025-09-05 11:06:31.211705+05:30,77.5,,9214875
2025-09-05 11:06:31.928663+05:30,77.5,,9214875
2025-09-05 11:06:32.296305+05:30,77.65,,9214875
2025-09-05 11:06:32.445432+05:30,77.75,,9214875
2025-09-05 11:06:33.236056+05:30,77.2,,9214875
2025-09-05 11:06:33.437241+05:30,76.9,,9214875
2025-09-05 11:06:33.960553+05:30,76.65,,9214875
2025-09-05 11:06:34.178582+05:30,76.7,,9214875
2025-09-05 11:06:35.219787+05:30,76.55,,9214875
2025-09-05 11:06:35.413906+05:30,76.55,,9214875
2025-09-05 11:06:36.177671+05:30,77.3,,9214875
2025-09-05 11:06:36.889684+05:30,77.3,,9214875
2025-09-05 11:06:37.158759+05:30,77.4,,9214875
2025-09-05 11:06:37.433116+05:30,77.4,,9214875
2025-09-05 11:06:38.163433+05:30,76.25,,9214875
2025-09-05 11:06:38.455379+05:30,76.5,,9214875
2025-09-05 11:06:38.918676+05:30,76.7,,9214875
2025-09-05 11:06:39.190211+05:30,76.8,,9214875
2025-09-05 11:06:39.433840+05:30,76.7,,9214875
2025-09-05 11:06:40.213939+05:30,76.2,,9214875
2025-09-05 11:06:40.427123+05:30,76.45,,9214875
2025-09-05 11:06:41.146326+05:30,76.6,,9214875
2025-09-05 11:06:41.415968+05:30,76.6,,9214875
2025-09-05 11:06:41.980411+05:30,76.2,,9214875
2025-09-05 11:06:42.244411+05:30,75.95,,9214875
2025-09-05 11:06:43.151160+05:30,76.0,,9214875
2025-09-05 11:06:43.744785+05:30,75.9,,9214875
2025-09-05 11:06:43.945523+05:30,76.25,,9214875
2025-09-05 11:06:44.154889+05:30,76.35,,9159225
2025-09-05 11:06:44.410587+05:30,76.15,,9159225
2025-09-05 11:06:45.148499+05:30,76.0,,9159225
2025-09-05 11:06:45.485858+05:30,75.95,,9159225
2025-09-05 11:06:46.139106+05:30,75.9,,9159225
2025-09-05 11:06:46.457872+05:30,75.7,,9159225
2025-09-05 11:06:46.941002+05:30,76.0,,9159225
2025-09-05 11:06:47.138733+05:30,76.0,,9159225
2025-09-05 11:06:47.385718+05:30,75.85,,9159225
2025-09-05 11:06:48.184026+05:30,75.5,,9159225
2025-09-05 11:06:48.436903+05:30,75.5,,9159225
2025-09-05 11:06:48.934915+05:30,75.45,,9159225
2025-09-05 11:06:49.168691+05:30,75.25,,9159225
2025-09-05 11:06:49.388875+05:30,75.25,,9159225
2025-09-05 11:06:50.187896+05:30,75.65,,9159225
2025-09-05 11:06:50.400617+05:30,75.45,,9159225
2025-09-05 11:06:51.194092+05:30,75.4,,9159225
2025-09-05 11:06:51.941420+05:30,75.45,,9159225
2025-09-05 11:06:52.138928+05:30,75.6,,9159225
2025-09-05 11:06:52.388816+05:30,75.6,,9159225
2025-09-05 11:06:53.176893+05:30,75.9,,9159225
2025-09-05 11:06:53.443796+05:30,75.9,,9159225
2025-09-05 11:06:53.638857+05:30,75.85,,9159225
2025-09-05 11:06:54.144688+05:30,76.1,,9159225
2025-09-05 11:06:54.465461+05:30,75.9,,9159225
2025-09-05 11:06:55.215185+05:30,76.2,,9159225
2025-09-05 11:06:55.413690+05:30,76.2,,9159225
2025-09-05 11:06:56.190386+05:30,75.75,,9159225
2025-09-05 11:06:56.392375+05:30,75.95,,9159225
2025-09-05 11:06:56.672556+05:30,76.1,,9159225
2025-09-05 11:06:56.975907+05:30,75.85,,9159225
2025-09-05 11:06:57.153804+05:30,75.7,,9159225
2025-09-05 11:06:57.489808+05:30,75.7,,9159225
2025-09-05 11:06:58.160612+05:30,76.0,,9159225
2025-09-05 11:06:58.470921+05:30,75.8,,9159225
2025-09-05 11:06:59.177977+05:30,75.9,,9159225
2025-09-05 11:06:59.970151+05:30,75.3,,9159225
2025-09-05 11:07:00.156938+05:30,75.35,,9159225
2025-09-05 11:07:00.404350+05:30,75.4,,9159225
2025-09-05 11:07:01.211980+05:30,75.0,,9159225
2025-09-05 11:07:01.440128+05:30,74.95,,9159225
2025-09-05 11:07:01.666740+05:30,75.15,,9159225
2025-09-05 11:07:02.200534+05:30,75.4,,9159225
2025-09-05 11:07:02.452576+05:30,75.4,,9159225
2025-09-05 11:07:03.180770+05:30,75.25,,9159225
2025-09-05 11:07:03.414996+05:30,75.1,,9159225
2025-09-05 11:07:04.161850+05:30,75.3,,9159225
2025-09-05 11:07:04.419763+05:30,75.05,,9159225
2025-09-05 11:07:04.721821+05:30,75.6,,9159225
2025-09-05 11:07:05.215275+05:30,75.6,,9159225
2025-09-05 11:07:05.433223+05:30,75.6,,9159225
2025-09-05 11:07:06.175386+05:30,75.6,,9159225
2025-09-05 11:07:06.548831+05:30,75.6,,9159225
2025-09-05 11:07:06.689389+05:30,75.7,,9159225
2025-09-05 11:07:07.151171+05:30,75.65,,9159225
2025-09-05 11:07:07.976681+05:30,75.85,,9159225
2025-09-05 11:07:08.143874+05:30,75.95,,9159225
2025-09-05 11:07:09.225798+05:30,75.85,,9159225
2025-09-05 11:07:09.413826+05:30,75.8,,9159225
2025-09-05 11:07:09.741882+05:30,76.1,,9159225
2025-09-05 11:07:09.913774+05:30,75.9,,9159225
2025-09-05 11:07:10.164910+05:30,75.9,,9159225
2025-09-05 11:07:11.160946+05:30,76.05,,9159225
2025-09-05 11:07:11.455366+05:30,76.1,,9159225
2025-09-05 11:07:12.146511+05:30,75.85,,9159225
2025-09-05 11:07:12.421884+05:30,76.15,,9159225
2025-09-05 11:07:12.650286+05:30,76.1,,9159225
2025-09-05 11:07:13.292250+05:30,76.1,,9159225
2025-09-05 11:07:13.410840+05:30,76.2,,9159225
2025-09-05 11:07:14.166119+05:30,76.45,,9159225
2025-09-05 11:07:14.669337+05:30,76.5,,9159225
2025-09-05 11:07:15.174094+05:30,76.55,,9159225
2025-09-05 11:07:16.269738+05:30,76.9,,9159225
2025-09-05 11:07:16.388752+05:30,76.7,,9159225
2025-09-05 11:07:17.212050+05:30,77.0,,9159225
2025-09-05 11:07:17.405935+05:30,76.95,,9159225
2025-09-05 11:07:17.672575+05:30,77.1,,9159225
2025-09-05 11:07:17.993599+05:30,76.95,,9159225
2025-09-05 11:07:18.196353+05:30,76.85,,9159225
2025-09-05 11:07:18.434306+05:30,76.85,,9159225
2025-09-05 11:07:19.164641+05:30,77.25,,9159225
2025-09-05 11:07:19.445916+05:30,77.25,,9159225
2025-09-05 11:07:20.161259+05:30,77.0,,9159225
2025-09-05 11:07:20.415339+05:30,77.1,,9159225
2025-09-05 11:07:20.926951+05:30,76.85,,9159225
2025-09-05 11:07:21.204233+05:30,77.0,,9159225
2025-09-05 11:07:21.469860+05:30,77.0,,9159225
2025-09-05 11:07:22.160613+05:30,76.3,,9159225
2025-09-05 11:07:22.429637+05:30,76.25,,9159225
2025-09-05 11:07:22.677790+05:30,76.05,,9159225
2025-09-05 11:07:23.195723+05:30,76.15,,9159225
2025-09-05 11:07:23.406207+05:30,76.0,,9159225
2025-09-05 11:07:24.169582+05:30,75.9,,9159225
2025-09-05 11:07:24.428666+05:30,76.2,,9159225
2025-09-05 11:07:25.161762+05:30,76.1,,9159225
2025-09-05 11:07:25.423406+05:30,76.1,,9159225
2025-09-05 11:07:25.666200+05:30,75.8,,9159225
2025-09-05 11:07:25.943312+05:30,76.0,,9159225
2025-09-05 11:07:26.209638+05:30,76.0,,9159225
2025-09-05 11:07:26.415493+05:30,76.0,,9159225
2025-09-05 11:07:27.199280+05:30,75.85,,9159225
2025-09-05 11:07:27.422439+05:30,75.9,,9159225
2025-09-05 11:07:27.638597+05:30,76.2,,9159225
2025-09-05 11:07:28.180170+05:30,76.35,,9159225
2025-09-05 11:07:28.387286+05:30,76.5,,9159225
2025-09-05 11:07:29.204122+05:30,76.1,,9159225
2025-09-05 11:07:29.389593+05:30,76.2,,9159225
2025-09-05 11:07:30.192244+05:30,76.35,,9159225
2025-09-05 11:07:30.649398+05:30,76.55,,9159225
2025-09-05 11:07:30.900811+05:30,76.35,,9159225
2025-09-05 11:07:31.134392+05:30,76.35,,9159225
2025-09-05 11:07:31.415289+05:30,76.0,,9159225
2025-09-05 11:07:32.157325+05:30,75.2,,9159225
2025-09-05 11:07:32.527593+05:30,75.25,,9159225
2025-09-05 11:07:33.155777+05:30,74.95,,9159225
2025-09-05 11:07:33.427274+05:30,75.0,,9159225
2025-09-05 11:07:33.982489+05:30,74.95,,9159225
2025-09-05 11:07:34.239062+05:30,74.65,,9159225
2025-09-05 11:07:35.152786+05:30,74.25,,9159225
2025-09-05 11:07:35.459310+05:30,74.15,,9159225
2025-09-05 11:07:35.685109+05:30,74.25,,9159225
2025-09-05 11:07:36.196137+05:30,74.35,,9159225
2025-09-05 11:07:36.400650+05:30,74.75,,9159225
2025-09-05 11:07:37.160732+05:30,74.75,,9159225
2025-09-05 11:07:38.154659+05:30,75.0,,9159225
2025-09-05 11:07:38.466026+05:30,74.95,,9159225
2025-09-05 11:07:38.637699+05:30,75.05,,9159225
2025-09-05 11:07:38.905446+05:30,75.05,,9159225
2025-09-05 11:07:39.176388+05:30,75.2,,9159225
2025-09-05 11:07:39.416548+05:30,75.2,,9159225
2025-09-05 11:07:40.201923+05:30,75.65,,9159225
2025-09-05 11:07:40.440285+05:30,75.65,,9159225
2025-09-05 11:07:41.171707+05:30,75.35,,9159225
2025-09-05 11:07:41.638530+05:30,75.4,,9159225
2025-09-05 11:07:41.926919+05:30,75.3,,9159225
2025-09-05 11:07:42.231778+05:30,75.3,,9159225
2025-09-05 11:07:42.423401+05:30,75.3,,9159225
2025-09-05 11:07:43.166588+05:30,75.1,,9159225
2025-09-05 11:07:43.460831+05:30,75.05,,9159225
2025-09-05 11:07:43.637156+05:30,75.05,,9159225
2025-09-05 11:07:44.138526+05:30,75.0,,9159225
2025-09-05 11:07:44.470049+05:30,75.1,,9159225
2025-09-05 11:07:45.163095+05:30,74.95,,9159225
2025-09-05 11:07:45.448376+05:30,75.1,,9159225
2025-09-05 11:07:46.168216+05:30,75.15,,9159225
2025-09-05 11:07:46.638402+05:30,75.2,,9159225
2025-09-05 11:07:46.921549+05:30,75.25,,9159225
2025-09-05 11:07:47.218585+05:30,75.25,,9159225
2025-09-05 11:07:47.406725+05:30,75.1,,9159225
2025-09-05 11:07:48.183136+05:30,75.15,,9159225
2025-09-05 11:07:48.383655+05:30,75.1,,9159225
2025-09-05 11:07:49.206125+05:30,74.95,,9159225
2025-09-05 11:07:49.410297+05:30,74.9,,9159225
2025-09-05 11:07:50.037127+05:30,74.85,,9159225
2025-09-05 11:07:50.161493+05:30,74.85,,9159225
2025-09-05 11:07:50.415536+05:30,74.6,,9159225
2025-09-05 11:07:51.174121+05:30,74.4,,9159225
2025-09-05 11:07:51.390227+05:30,74.2,,9159225
2025-09-05 11:07:51.633648+05:30,74.3,,9159225
2025-09-05 11:07:52.199862+05:30,74.3,,9159225
2025-09-05 11:07:52.638383+05:30,74.1,,9159225
2025-09-05 11:07:53.168318+05:30,73.8,,9159225
2025-09-05 11:07:53.429107+05:30,73.9,,9159225
2025-09-05 11:07:54.258589+05:30,74.05,,9159225
2025-09-05 11:07:54.442572+05:30,74.25,,9159225
2025-09-05 11:07:54.676870+05:30,74.4,,9159225
2025-09-05 11:07:54.906710+05:30,74.4,,9159225
2025-09-05 11:07:55.234790+05:30,74.3,,9159225
2025-09-05 11:07:55.429408+05:30,74.55,,9159225
2025-09-05 11:07:56.220173+05:30,74.5,,9159225
2025-09-05 11:07:56.388422+05:30,74.65,,9159225
2025-09-05 11:07:56.639453+05:30,74.5,,9159225
2025-09-05 11:07:57.157650+05:30,74.45,,9159225
2025-09-05 11:07:57.673730+05:30,74.7,,9159225
2025-09-05 11:07:57.888528+05:30,74.85,,9159225
2025-09-05 11:07:58.155536+05:30,74.85,,9159225
2025-09-05 11:07:58.635469+05:30,74.95,,9159225
2025-09-05 11:07:59.179044+05:30,74.85,,9159225
2025-09-05 11:07:59.440332+05:30,74.9,,9159225
2025-09-05 11:07:59.975359+05:30,74.8,,9159225
2025-09-05 11:08:00.156119+05:30,74.7,,9159225
2025-09-05 11:08:00.672240+05:30,74.7,,9159225
2025-09-05 11:08:01.194525+05:30,74.5,,9159225
2025-09-05 11:08:01.427932+05:30,74.5,,9159225
2025-09-05 11:08:02.150384+05:30,73.3,,9159225
2025-09-05 11:08:02.388565+05:30,73.3,,9159225
2025-09-05 11:08:02.991815+05:30,73.2,,9159225
2025-09-05 11:08:03.157958+05:30,73.1,,9159225
2025-09-05 11:08:03.388618+05:30,73.1,,9159225
2025-09-05 11:08:04.457382+05:30,71.6,,9159225
2025-09-05 11:08:04.633331+05:30,71.7,,9159225
2025-09-05 11:08:05.262592+05:30,71.9,,9159225
2025-09-05 11:08:05.405442+05:30,71.7,,9159225
2025-09-05 11:08:06.157843+05:30,71.75,,9159225
2025-09-05 11:08:06.450266+05:30,71.7,,9159225
2025-09-05 11:08:07.143890+05:30,71.55,,9159225
2025-09-05 11:08:07.419451+05:30,71.45,,9159225
2025-09-05 11:08:08.211338+05:30,71.4,,9159225
2025-09-05 11:08:08.437556+05:30,71.35,,9159225
2025-09-05 11:08:09.204506+05:30,71.5,,9159225
2025-09-05 11:08:09.438128+05:30,71.55,,9159225
2025-09-05 11:08:09.660201+05:30,71.6,,9159225
2025-09-05 11:08:10.173896+05:30,71.65,,9159225
2025-09-05 11:08:10.450547+05:30,71.55,,9159225
2025-09-05 11:08:10.955388+05:30,71.85,,9159225
2025-09-05 11:08:11.155342+05:30,71.9,,9159225
2025-09-05 11:08:11.437746+05:30,72.0,,9159225
2025-09-05 11:08:12.165246+05:30,71.8,,9159225
2025-09-05 11:08:12.638378+05:30,71.7,,9159225
2025-09-05 11:08:12.922816+05:30,72.1,,9159225
2025-09-05 11:08:13.259450+05:30,71.9,,9159225
2025-09-05 11:08:13.461643+05:30,72.0,,9159225
2025-09-05 11:08:14.183920+05:30,71.7,,9159225
2025-09-05 11:08:14.415362+05:30,71.75,,9159225
2025-09-05 11:08:15.160174+05:30,72.15,,9159225
2025-09-05 11:08:15.442403+05:30,71.85,,9159225
2025-09-05 11:08:15.966578+05:30,72.1,,9159225
2025-09-05 11:08:16.156046+05:30,72.3,,9159225
2025-09-05 11:08:16.454116+05:30,72.3,,9159225
2025-09-05 11:08:17.189742+05:30,72.15,,9159225
2025-09-05 11:08:17.473230+05:30,72.15,,9159225
2025-09-05 11:08:18.156691+05:30,71.85,,9159225
2025-09-05 11:08:18.427916+05:30,71.8,,9159225
2025-09-05 11:08:19.225091+05:30,71.85,,9159225
2025-09-05 11:08:19.388306+05:30,71.95,,9159225
2025-09-05 11:08:20.152254+05:30,71.85,,9159225
2025-09-05 11:08:20.634477+05:30,71.95,,9159225
2025-09-05 11:08:20.931988+05:30,71.8,,9159225
2025-09-05 11:08:21.165479+05:30,71.8,,9159225
2025-09-05 11:08:21.646731+05:30,71.8,,9159225
2025-09-05 11:08:22.168029+05:30,71.95,,9159225
2025-09-05 11:08:22.633406+05:30,71.85,,9159225
2025-09-05 11:08:23.161823+05:30,71.85,,9159225
2025-09-05 11:08:23.427354+05:30,71.85,,9159225
2025-09-05 11:08:24.266112+05:30,71.95,,9159225
2025-09-05 11:08:24.404331+05:30,71.9,,9159225
2025-09-05 11:08:25.214956+05:30,71.35,,9159225
2025-09-05 11:08:25.414256+05:30,71.3,,9159225
2025-09-05 11:08:25.942046+05:30,71.3,,9159225
2025-09-05 11:08:26.237232+05:30,71.3,,9159225
2025-09-05 11:08:26.638434+05:30,71.35,,9159225
2025-09-05 11:08:27.144425+05:30,71.3,,9159225
2025-09-05 11:08:27.507425+05:30,71.6,,9159225
2025-09-05 11:08:27.655070+05:30,71.55,,9159225
2025-09-05 11:08:28.229726+05:30,71.55,,9159225
2025-09-05 11:08:28.439314+05:30,71.6,,9159225
2025-09-05 11:08:29.259907+05:30,71.6,,9159225
2025-09-05 11:08:29.392710+05:30,71.6,,9159225
2025-09-05 11:08:30.246449+05:30,71.65,,9159225
2025-09-05 11:08:30.408869+05:30,71.85,,9159225
2025-09-05 11:08:30.910377+05:30,71.4,,9159225
2025-09-05 11:08:31.150826+05:30,71.6,,9159225
2025-09-05 11:08:31.393421+05:30,71.7,,9159225
2025-09-05 11:08:32.177228+05:30,71.7,,9159225
2025-09-05 11:08:32.447279+05:30,71.1,,9159225
2025-09-05 11:08:32.666430+05:30,71.1,,9159225
2025-09-05 11:08:33.228279+05:30,71.3,,9159225
2025-09-05 11:08:33.733557+05:30,71.55,,9159225
2025-09-05 11:08:34.314292+05:30,71.15,,9159225
2025-09-05 11:08:34.445131+05:30,71.3,,9159225
2025-09-05 11:08:35.235148+05:30,71.25,,9159225
2025-09-05 11:08:35.405770+05:30,71.25,,9159225
2025-09-05 11:08:35.888544+05:30,71.2,,9159225
2025-09-05 11:08:36.163559+05:30,71.2,,9159225
2025-09-05 11:08:36.416862+05:30,71.15,,9159225
2025-09-05 11:08:37.280733+05:30,71.05,,9159225
2025-09-05 11:08:37.428752+05:30,71.05,,9159225
2025-09-05 11:08:37.676961+05:30,71.2,,9159225
2025-09-05 11:08:38.252036+05:30,71.1,,9159225
2025-09-05 11:08:38.405406+05:30,71.2,,9159225
2025-09-05 11:08:39.261637+05:30,71.5,,9159225
2025-09-05 11:08:39.633988+05:30,71.35,,9159225
2025-09-05 11:08:40.219646+05:30,71.4,,9159225
2025-09-05 11:08:40.421838+05:30,71.7,,9159225
2025-09-05 11:08:40.888652+05:30,71.65,,9159225
2025-09-05 11:08:41.184157+05:30,71.65,,9159225
2025-09-05 11:08:41.400723+05:30,71.3,,9159225
2025-09-05 11:08:42.177354+05:30,71.25,,9159225
2025-09-05 11:08:42.405262+05:30,71.5,,9159225
2025-09-05 11:08:42.665675+05:30,71.5,,9159225
2025-09-05 11:08:43.138287+05:30,71.5,,9159225
2025-09-05 11:08:43.434063+05:30,71.25,,9159225
2025-09-05 11:08:44.186061+05:30,71.3,,9159225
2025-09-05 11:08:44.422920+05:30,71.45,,9159225
2025-09-05 11:08:45.269023+05:30,71.25,,9159225
2025-09-05 11:08:45.473695+05:30,71.05,,9159225
2025-09-05 11:08:45.638096+05:30,71.3,,9159225
2025-09-05 11:08:46.242148+05:30,72.1,,9159225
2025-09-05 11:08:46.426521+05:30,72.0,,9159225
2025-09-05 11:08:47.168669+05:30,72.5,,9159225
2025-09-05 11:08:47.479442+05:30,72.2,,9159225
2025-09-05 11:08:47.665567+05:30,72.2,,9159225
2025-09-05 11:08:48.232118+05:30,72.2,,9159225
2025-09-05 11:08:48.469735+05:30,72.35,,9159225
2025-09-05 11:08:49.253965+05:30,72.7,,9159225
2025-09-05 11:08:49.468434+05:30,72.65,,9159225
2025-09-05 11:08:50.286172+05:30,72.95,,9159225
2025-09-05 11:08:50.435087+05:30,72.9,,9159225
2025-09-05 11:08:50.715328+05:30,72.65,,9159225
2025-09-05 11:08:50.910291+05:30,72.75,,9159225
2025-09-05 11:08:51.144644+05:30,72.8,,9159225
2025-09-05 11:08:51.399344+05:30,72.65,,9159225
2025-09-05 11:08:52.184760+05:30,72.95,,9159225
2025-09-05 11:08:52.404956+05:30,73.0,,9159225
2025-09-05 11:08:52.665434+05:30,73.05,,9159225
2025-09-05 11:08:53.173759+05:30,73.05,,9159225
2025-09-05 11:08:53.457150+05:30,73.05,,9159225
2025-09-05 11:08:54.175605+05:30,73.5,,9159225
2025-09-05 11:08:54.645849+05:30,73.75,,9159225
2025-09-05 11:08:55.248060+05:30,73.35,,9159225
2025-09-05 11:08:55.681619+05:30,73.35,,9159225
2025-09-05 11:08:56.147824+05:30,73.45,,9159225
2025-09-05 11:08:56.402117+05:30,73.35,,9159225
2025-09-05 11:08:57.232253+05:30,73.55,,9159225
2025-09-05 11:08:57.667830+05:30,73.6,,9159225
2025-09-05 11:08:58.169698+05:30,73.6,,9159225
2025-09-05 11:08:58.383665+05:30,73.55,,9159225
2025-09-05 11:08:59.176138+05:30,73.85,,9159225
2025-09-05 11:08:59.397841+05:30,73.65,,9159225
2025-09-05 11:09:00.162137+05:30,73.75,,9159225
2025-09-05 11:09:00.710345+05:30,73.9,,9159225
2025-09-05 11:09:00.921927+05:30,73.9,,9159225
2025-09-05 11:09:01.244938+05:30,74.0,,9159225
2025-09-05 11:09:01.421875+05:30,73.9,,9159225
2025-09-05 11:09:02.240858+05:30,74.25,,9159225
2025-09-05 11:09:02.439811+05:30,73.8,,9159225
2025-09-05 11:09:03.167492+05:30,74.25,,9159225
2025-09-05 11:09:03.477176+05:30,74.1,,9159225
2025-09-05 11:09:04.218416+05:30,73.9,,9159225
2025-09-05 11:09:04.437827+05:30,74.1,,9159225
2025-09-05 11:09:05.161570+05:30,73.9,,9159225
2025-09-05 11:09:05.527364+05:30,73.95,,9159225
2025-09-05 11:09:05.651150+05:30,73.8,,9159225
2025-09-05 11:09:05.904915+05:30,73.95,,9159225
2025-09-05 11:09:06.243729+05:30,73.7,,9159225
2025-09-05 11:09:06.660062+05:30,73.4,,9159225
2025-09-05 11:09:07.154933+05:30,73.9,,9159225
2025-09-05 11:09:07.438032+05:30,74.0,,9159225
2025-09-05 11:09:08.187287+05:30,74.05,,9159225
2025-09-05 11:09:08.633509+05:30,74.1,,9159225
2025-09-05 11:09:09.170577+05:30,74.1,,9159225
2025-09-05 11:09:09.468757+05:30,73.9,,9159225
2025-09-05 11:09:10.272853+05:30,73.95,,9159225
2025-09-05 11:09:10.671446+05:30,73.85,,9159225
2025-09-05 11:09:10.895505+05:30,73.85,,9159225
2025-09-05 11:09:11.184175+05:30,73.9,,9159225
2025-09-05 11:09:11.400431+05:30,73.85,,9159225
2025-09-05 11:09:12.178130+05:30,74.0,,9159225
2025-09-05 11:09:12.432619+05:30,73.9,,9159225
2025-09-05 11:09:12.683399+05:30,73.9,,9159225
2025-09-05 11:09:13.187713+05:30,73.7,,9159225
2025-09-05 11:09:13.672556+05:30,73.85,,9159225
2025-09-05 11:09:14.243063+05:30,73.85,,9159225
2025-09-05 11:09:14.438131+05:30,73.9,,9159225
2025-09-05 11:09:15.133835+05:30,73.7,,9159225
2025-09-05 11:09:15.383094+05:30,73.5,,9159225
2025-09-05 11:09:15.899647+05:30,73.3,,9159225
2025-09-05 11:09:16.162544+05:30,73.05,,9159225
2025-09-05 11:09:16.498741+05:30,72.7,,9159225
2025-09-05 11:09:17.427773+05:30,72.25,,9159225
2025-09-05 11:09:18.437409+05:30,71.8,,9159225
2025-09-05 11:09:18.637831+05:30,71.5,,9159225
2025-09-05 11:09:18.914937+05:30,71.7,,9159225
2025-09-05 11:09:19.224618+05:30,71.35,,9159225
2025-09-05 11:09:19.414784+05:30,71.35,,9159225
2025-09-05 11:09:20.270319+05:30,71.0,,9159225
2025-09-05 11:09:20.642461+05:30,71.0,,9159225
2025-09-05 11:09:20.915319+05:30,70.7,,9159225
2025-09-05 11:09:21.201872+05:30,70.65,,9159225
2025-09-05 11:09:21.491034+05:30,70.7,,9159225
2025-09-05 11:09:22.459735+05:30,71.0,,9159225
2025-09-05 11:09:22.664827+05:30,71.05,,9159225
2025-09-05 11:09:23.383110+05:30,70.8,,9159225
2025-09-05 11:09:23.887931+05:30,70.9,,9159225
2025-09-05 11:09:24.138002+05:30,70.75,,9159225
2025-09-05 11:09:24.453622+05:30,70.7,,9159225
2025-09-05 11:09:25.429603+05:30,71.05,,9159225
2025-09-05 11:09:25.653430+05:30,71.05,,9159225
2025-09-05 11:09:26.496624+05:30,70.75,,9159225
2025-09-05 11:09:27.188724+05:30,70.65,,9159225
2025-09-05 11:09:27.660250+05:30,70.65,,9159225
2025-09-05 11:09:28.471538+05:30,70.3,,9159225
2025-09-05 11:09:28.887786+05:30,70.8,,9159225
2025-09-05 11:09:29.213786+05:30,70.75,,9159225
2025-09-05 11:09:29.477827+05:30,70.75,,9159225
2025-09-05 11:09:30.420400+05:30,70.8,,9159225
2025-09-05 11:09:30.660840+05:30,70.85,,9159225
2025-09-05 11:09:31.442876+05:30,71.0,,9159225
2025-09-05 11:09:32.162227+05:30,71.2,,9159225
2025-09-05 11:09:32.431237+05:30,70.8,,9159225
2025-09-05 11:09:33.437773+05:30,71.5,,9159225
2025-09-05 11:09:33.887807+05:30,71.5,,9159225
2025-09-05 11:09:34.272843+05:30,71.7,,9159225
2025-09-05 11:09:34.456171+05:30,71.65,,9159225
2025-09-05 11:09:35.414897+05:30,71.8,,9159225
2025-09-05 11:09:35.728132+05:30,71.75,,9159225
2025-09-05 11:09:36.434338+05:30,71.9,,9159225
2025-09-05 11:09:37.187444+05:30,71.75,,9159225
2025-09-05 11:09:37.476969+05:30,71.55,,9159225
2025-09-05 11:09:38.411363+05:30,71.4,,9159225
2025-09-05 11:09:38.908317+05:30,71.05,,9159225
2025-09-05 11:09:39.194124+05:30,71.1,,9159225
2025-09-05 11:09:39.426960+05:30,71.1,,9159225
2025-09-05 11:09:40.194570+05:30,71.45,,9159225
2025-09-05 11:09:40.681028+05:30,71.25,,9159225
2025-09-05 11:09:41.401874+05:30,71.15,,9159225
2025-09-05 11:09:42.204150+05:30,71.0,,9159225
2025-09-05 11:09:42.387872+05:30,71.1,,9159225
2025-09-05 11:09:43.405455+05:30,71.05,,9159225
2025-09-05 11:09:43.655432+05:30,71.0,,9159225
2025-09-05 11:09:43.911359+05:30,71.0,,9159225
2025-09-05 11:09:44.161445+05:30,71.0,,9141225
2025-09-05 11:09:44.443201+05:30,70.8,,9141225
2025-09-05 11:09:45.503060+05:30,70.95,,9141225
2025-09-05 11:09:46.214583+05:30,71.0,,9141225
2025-09-05 11:09:46.407731+05:30,70.95,,9141225
2025-09-05 11:09:46.887735+05:30,70.35,,9141225
2025-09-05 11:09:47.210206+05:30,70.25,,9141225
2025-09-05 11:09:47.659490+05:30,70.6,,9141225
2025-09-05 11:09:48.401454+05:30,70.55,,9141225
2025-09-05 11:09:48.642825+05:30,70.55,,9141225
2025-09-05 11:09:49.427389+05:30,70.55,,9141225
2025-09-05 11:09:50.399908+05:30,70.3,,9141225
2025-09-05 11:09:51.138050+05:30,70.2,,9141225
2025-09-05 11:09:51.663396+05:30,70.15,,9141225
2025-09-05 11:09:51.887942+05:30,69.9,,9141225
2025-09-05 11:09:52.171955+05:30,69.9,,9141225
2025-09-05 11:09:52.430353+05:30,69.7,,9141225
2025-09-05 11:09:53.467201+05:30,69.6,,9141225
2025-09-05 11:09:53.952797+05:30,68.9,,9141225
2025-09-05 11:09:54.417122+05:30,68.9,,9141225
2025-09-05 11:09:55.385743+05:30,69.2,,9141225
2025-09-05 11:09:56.534935+05:30,69.15,,9141225
2025-09-05 11:09:56.887975+05:30,69.2,,9141225
2025-09-05 11:09:57.180441+05:30,69.2,,9141225
2025-09-05 11:09:57.659623+05:30,69.3,,9141225
2025-09-05 11:09:58.511373+05:30,69.35,,9141225
2025-09-05 11:09:58.673697+05:30,69.25,,9141225
2025-09-05 11:09:59.241338+05:30,69.7,,9141225
2025-09-05 11:09:59.493483+05:30,69.6,,9141225
2025-09-05 11:10:00.268679+05:30,69.55,,9141225
2025-09-05 11:10:00.387912+05:30,69.55,,9141225
2025-09-05 11:10:00.671391+05:30,69.65,,9141225
2025-09-05 11:10:01.465481+05:30,69.45,,9141225
2025-09-05 11:10:01.904391+05:30,69.8,,9141225
2025-09-05 11:10:02.404271+05:30,69.75,,9141225
2025-09-05 11:10:03.196818+05:30,69.75,,9141225
2025-09-05 11:10:03.476583+05:30,69.7,,9141225
2025-09-05 11:10:04.502086+05:30,69.55,,9141225
2025-09-05 11:10:05.259645+05:30,69.85,,9141225
2025-09-05 11:10:05.468835+05:30,69.65,,9141225
2025-09-05 11:10:06.411377+05:30,69.8,,9141225
2025-09-05 11:10:06.934341+05:30,69.65,,9141225
2025-09-05 11:10:07.181742+05:30,69.8,,9141225
2025-09-05 11:10:07.674037+05:30,69.25,,9141225
2025-09-05 11:10:08.479347+05:30,68.7,,9141225
2025-09-05 11:10:09.431285+05:30,68.65,,9141225
2025-09-05 11:10:09.665794+05:30,68.55,,9141225
2025-09-05 11:10:10.219323+05:30,68.55,,9141225
2025-09-05 11:10:10.665706+05:30,68.25,,9141225
2025-09-05 11:10:11.496933+05:30,68.4,,9141225
2025-09-05 11:10:11.705948+05:30,68.3,,9141225
2025-09-05 11:10:12.413323+05:30,68.3,,9141225
2025-09-05 11:10:13.195802+05:30,68.55,,9141225
2025-09-05 11:10:13.637659+05:30,68.7,,9141225
2025-09-05 11:10:14.393961+05:30,68.75,,9141225
2025-09-05 11:10:14.925706+05:30,68.8,,9141225
2025-09-05 11:10:15.478794+05:30,68.75,,9141225
2025-09-05 11:10:16.437137+05:30,68.9,,9141225
2025-09-05 11:10:16.637831+05:30,68.7,,9141225
2025-09-05 11:10:17.422505+05:30,68.6,,9141225
2025-09-05 11:10:18.467844+05:30,68.55,,9141225
2025-09-05 11:10:19.494938+05:30,68.55,,9141225
2025-09-05 11:10:19.914629+05:30,68.45,,9141225
2025-09-05 11:10:20.438868+05:30,68.3,,9141225
2025-09-05 11:10:21.387759+05:30,68.9,,9141225
2025-09-05 11:10:22.418179+05:30,69.1,,9141225
2025-09-05 11:10:23.191233+05:30,69.0,,9141225
2025-09-05 11:10:23.704207+05:30,69.2,,9141225
2025-09-05 11:10:24.176293+05:30,69.35,,9141225
2025-09-05 11:10:24.421796+05:30,69.1,,9141225
2025-09-05 11:10:24.887638+05:30,69.0,,9141225
2025-09-05 11:10:25.159550+05:30,69.1,,9141225
2025-09-05 11:10:25.417149+05:30,69.1,,9141225
2025-09-05 11:10:26.405669+05:30,69.0,,9141225
2025-09-05 11:10:27.467791+05:30,69.0,,9141225
2025-09-05 11:10:28.390650+05:30,68.95,,9141225
2025-09-05 11:10:29.243746+05:30,69.0,,9141225
2025-09-05 11:10:29.426029+05:30,69.3,,9141225
2025-09-05 11:10:29.887585+05:30,69.05,,9141225
2025-09-05 11:10:30.404788+05:30,69.5,,9141225
2025-09-05 11:10:31.936049+05:30,69.25,,9141225
2025-09-05 11:10:32.882579+05:30,69.3,,9141225
2025-09-05 11:10:34.159305+05:30,70.0,,9141225
2025-09-05 11:10:36.387332+05:30,69.95,,9141225
2025-09-05 11:10:37.209207+05:30,70.0,,9141225
2025-09-05 11:10:37.707793+05:30,69.95,,9141225
2025-09-05 11:10:38.158718+05:30,70.1,,9141225
2025-09-05 11:10:38.465333+05:30,70.15,,9141225
2025-09-05 11:10:39.401573+05:30,70.15,,9141225
2025-09-05 11:10:39.637318+05:30,70.0,,9141225
2025-09-05 11:10:39.925895+05:30,69.9,,9141225
2025-09-05 11:10:40.209717+05:30,70.05,,9141225
2025-09-05 11:10:40.443667+05:30,70.3,,9141225
2025-09-05 11:10:41.431996+05:30,70.05,,9141225
2025-09-05 11:10:41.664562+05:30,70.05,,9141225
2025-09-05 11:10:42.422795+05:30,70.3,,9141225
2025-09-05 11:10:43.445885+05:30,70.6,,9141225
2025-09-05 11:10:44.501307+05:30,70.5,,9141225
2025-09-05 11:10:44.904304+05:30,70.65,,9141225
2025-09-05 11:10:45.233621+05:30,70.7,,9141225
2025-09-05 11:10:45.417692+05:30,70.65,,9141225
2025-09-05 11:10:46.423052+05:30,70.75,,9141225
2025-09-05 11:10:47.160174+05:30,70.4,,9141225
2025-09-05 11:10:47.704899+05:30,70.3,,9141225
2025-09-05 11:10:48.387626+05:30,70.3,,9141225
2025-09-05 11:10:49.401921+05:30,70.15,,9141225
2025-09-05 11:10:49.887591+05:30,70.3,,9141225
2025-09-05 11:10:50.184688+05:30,70.5,,9141225
2025-09-05 11:10:50.425661+05:30,70.3,,9141225
2025-09-05 11:10:51.147202+05:30,70.35,,9141225
2025-09-05 11:10:51.434163+05:30,70.35,,9141225
2025-09-05 11:10:52.445001+05:30,70.45,,9141225
2025-09-05 11:10:53.410856+05:30,70.6,,9141225
2025-09-05 11:10:54.426540+05:30,69.9,,9141225
2025-09-05 11:10:54.708863+05:30,70.15,,9141225
2025-09-05 11:10:54.905579+05:30,70.25,,9141225
2025-09-05 11:10:55.415522+05:30,70.55,,9141225
2025-09-05 11:10:56.223102+05:30,70.9,,9141225
2025-09-05 11:10:56.650755+05:30,71.25,,9141225
2025-09-05 11:10:57.422986+05:30,71.8,,9141225
2025-09-05 11:10:58.400811+05:30,71.85,,9141225
2025-09-05 11:10:59.418685+05:30,71.35,,9141225
2025-09-05 11:10:59.930725+05:30,70.95,,9141225
2025-09-05 11:11:00.229658+05:30,70.95,,9141225
2025-09-05 11:11:00.467365+05:30,70.55,,9141225
2025-09-05 11:11:01.432122+05:30,70.7,,9141225
2025-09-05 11:11:02.404155+05:30,71.15,,9141225
2025-09-05 11:11:03.436933+05:30,71.25,,9141225
2025-09-05 11:11:03.669649+05:30,71.15,,9141225
2025-09-05 11:11:04.414590+05:30,71.05,,9141225
2025-09-05 11:11:04.914074+05:30,71.1,,9141225
2025-09-05 11:11:05.451319+05:30,71.0,,9141225
2025-09-05 11:11:06.197669+05:30,70.8,,9141225
2025-09-05 11:11:06.517562+05:30,70.8,,9141225
2025-09-05 11:11:07.417073+05:30,70.5,,9141225
2025-09-05 11:11:08.431088+05:30,70.55,,9141225
2025-09-05 11:11:09.182508+05:30,70.2,,9141225
2025-09-05 11:11:09.392449+05:30,70.4,,9141225
2025-09-05 11:11:09.926981+05:30,70.4,,9141225
2025-09-05 11:11:10.419299+05:30,70.6,,9141225
2025-09-05 11:11:11.422478+05:30,70.7,,9141225
2025-09-05 11:11:12.414140+05:30,70.9,,9141225
2025-09-05 11:11:13.441258+05:30,70.9,,9141225
2025-09-05 11:11:14.399332+05:30,70.85,,9141225
2025-09-05 11:11:14.699311+05:30,71.1,,9141225
2025-09-05 11:11:14.926196+05:30,70.9,,9141225
2025-09-05 11:11:15.415197+05:30,70.9,,9141225
2025-09-05 11:11:15.661159+05:30,70.9,,9141225
2025-09-05 11:11:16.479149+05:30,71.1,,9141225
2025-09-05 11:11:17.406471+05:30,71.15,,9141225
2025-09-05 11:11:18.160929+05:30,71.25,,9141225
2025-09-05 11:11:18.720664+05:30,71.1,,9141225
2025-09-05 11:11:19.433126+05:30,71.2,,9141225
2025-09-05 11:11:19.718528+05:30,71.15,,9141225
2025-09-05 11:11:20.186672+05:30,71.0,,9141225
2025-09-05 11:11:20.428286+05:30,71.0,,9141225
2025-09-05 11:11:21.450201+05:30,70.95,,9141225
2025-09-05 11:11:22.432130+05:30,71.1,,9141225
2025-09-05 11:11:22.892520+05:30,70.95,,9141225
2025-09-05 11:11:23.412356+05:30,70.75,,9141225
2025-09-05 11:11:23.687061+05:30,70.9,,9141225
2025-09-05 11:11:24.469041+05:30,70.95,,9141225
2025-09-05 11:11:25.430581+05:30,70.75,,9141225
2025-09-05 11:11:26.178767+05:30,70.9,,9141225
2025-09-05 11:11:26.637170+05:30,70.65,,9141225
2025-09-05 11:11:27.170851+05:30,70.65,,9141225
2025-09-05 11:11:27.637150+05:30,70.8,,9141225
2025-09-05 11:11:28.413733+05:30,70.7,,9141225
2025-09-05 11:11:29.158886+05:30,70.55,,9141225
