time,last_price,volume,oi
2025-09-05 10:55:52.744983+05:30,163.4,,6467925
2025-09-05 10:55:52.969713+05:30,163.0,,6467925
2025-09-05 10:55:53.419885+05:30,162.8,,6467925
2025-09-05 10:55:54.474927+05:30,162.5,,6467925
2025-09-05 10:55:55.398079+05:30,163.2,,6467925
2025-09-05 10:55:56.147427+05:30,163.1,,6467925
2025-09-05 10:55:56.392764+05:30,162.6,,6467925
2025-09-05 10:55:57.459907+05:30,162.85,,6467925
2025-09-05 10:55:57.948225+05:30,162.7,,6467925
2025-09-05 10:55:58.416811+05:30,162.95,,6467925
2025-09-05 10:55:59.695122+05:30,161.7,,6467925
2025-09-05 10:56:00.393246+05:30,162.4,,6467925
2025-09-05 10:56:01.186896+05:30,162.2,,6467925
2025-09-05 10:56:01.449582+05:30,162.5,,6467925
2025-09-05 10:56:02.716112+05:30,162.95,,6467925
2025-09-05 10:56:02.889542+05:30,163.35,,6467925
2025-09-05 10:56:03.410727+05:30,163.6,,6467925
2025-09-05 10:56:04.638569+05:30,162.65,,6467925
2025-09-05 10:56:05.398550+05:30,162.8,,6467925
2025-09-05 10:56:06.161869+05:30,163.15,,6467925
2025-09-05 10:56:06.404868+05:30,162.05,,6467925
2025-09-05 10:56:07.643130+05:30,164.3,,6467925
2025-09-05 10:56:07.941731+05:30,164.3,,6467925
2025-09-05 10:56:08.407662+05:30,164.6,,6467925
2025-09-05 10:56:08.704712+05:30,164.6,,6467925
2025-09-05 10:56:09.393026+05:30,164.25,,6467925
2025-09-05 10:56:10.418132+05:30,164.35,,6467925
2025-09-05 10:56:11.194302+05:30,163.2,,6467925
2025-09-05 10:56:11.477689+05:30,163.0,,6467925
2025-09-05 10:56:11.769744+05:30,163.0,,6467925
2025-09-05 10:56:12.414546+05:30,163.25,,6467925
2025-09-05 10:56:12.761181+05:30,163.0,,6467925
2025-09-05 10:56:12.919342+05:30,163.25,,6467925
2025-09-05 10:56:13.392578+05:30,162.85,,6467925
2025-09-05 10:56:14.453433+05:30,163.0,,6467925
2025-09-05 10:56:14.721533+05:30,162.7,,6467925
2025-09-05 10:56:15.757048+05:30,162.0,,6467925
2025-09-05 10:56:15.925318+05:30,162.0,,6467925
2025-09-05 10:56:16.171865+05:30,161.7,,6467925
2025-09-05 10:56:16.473336+05:30,161.8,,6467925
2025-09-05 10:56:17.496902+05:30,161.55,,6467925
2025-09-05 10:56:17.730354+05:30,161.95,,6467925
2025-09-05 10:56:17.990883+05:30,161.95,,6467925
2025-09-05 10:56:18.419650+05:30,161.5,,6467925
2025-09-05 10:56:18.708728+05:30,161.5,,6467925
2025-09-05 10:56:19.418327+05:30,162.55,,6467925
2025-09-05 10:56:20.701189+05:30,161.7,,6467925
2025-09-05 10:56:20.962728+05:30,161.05,,6467925
2025-09-05 10:56:21.493783+05:30,160.8,,6467925
2025-09-05 10:56:22.441853+05:30,161.8,,6467925
2025-09-05 10:56:22.927261+05:30,162.65,,6467925
2025-09-05 10:56:23.638135+05:30,163.65,,6467925
2025-09-05 10:56:24.396397+05:30,163.7,,6467925
2025-09-05 10:56:25.400560+05:30,164.1,,6467925
2025-09-05 10:56:25.714426+05:30,164.1,,6467925
2025-09-05 10:56:26.020964+05:30,164.2,,6467925
2025-09-05 10:56:26.196832+05:30,163.9,,6467925
2025-09-05 10:56:26.765187+05:30,163.85,,6467925
2025-09-05 10:56:27.678464+05:30,164.35,,6467925
2025-09-05 10:56:28.060969+05:30,163.9,,6467925
2025-09-05 10:56:28.668458+05:30,164.2,,6467925
2025-09-05 10:56:29.430508+05:30,164.5,,6467925
2025-09-05 10:56:30.659150+05:30,164.55,,6467925
2025-09-05 10:56:30.978966+05:30,164.4,,6467925
2025-09-05 10:56:31.199974+05:30,164.5,,6467925
2025-09-05 10:56:31.715206+05:30,164.0,,6467925
2025-09-05 10:56:32.719180+05:30,163.85,,6467925
2025-09-05 10:56:32.976044+05:30,163.5,,6467925
2025-09-05 10:56:33.646336+05:30,164.6,,6467925
2025-09-05 10:56:34.404348+05:30,163.15,,6467925
2025-09-05 10:56:34.700949+05:30,163.0,,6467925
2025-09-05 10:56:35.447841+05:30,161.7,,6467925
2025-09-05 10:56:35.978419+05:30,161.7,,6467925
2025-09-05 10:56:36.208698+05:30,162.05,,6467925
2025-09-05 10:56:36.677873+05:30,162.2,,6467925
2025-09-05 10:56:37.392795+05:30,162.0,,6467925
2025-09-05 10:56:37.979025+05:30,161.9,,6467925
2025-09-05 10:56:38.655695+05:30,161.35,,6467925
2025-09-05 10:56:39.440362+05:30,161.4,,6467925
2025-09-05 10:56:40.731178+05:30,162.0,,6467925
2025-09-05 10:56:40.953765+05:30,161.3,,6467925
2025-09-05 10:56:41.147417+05:30,161.45,,6467925
2025-09-05 10:56:41.671646+05:30,162.2,,6467925
2025-09-05 10:56:42.388515+05:30,162.55,,6467925
2025-09-05 10:56:43.014553+05:30,162.2,,6467925
2025-09-05 10:56:43.708118+05:30,162.55,,6467925
2025-09-05 10:56:44.194237+05:30,162.0,,6467925
2025-09-05 10:56:44.469278+05:30,162.15,,6467925
2025-09-05 10:56:44.768519+05:30,162.45,,6467925
2025-09-05 10:56:45.685902+05:30,162.4,,6467925
2025-09-05 10:56:45.964274+05:30,162.3,,6467925
2025-09-05 10:56:46.200598+05:30,162.2,,6467925
2025-09-05 10:56:46.648489+05:30,162.2,,6467925
2025-09-05 10:56:47.494467+05:30,161.6,,6467925
2025-09-05 10:56:47.981660+05:30,162.0,,6467925
2025-09-05 10:56:48.672340+05:30,161.75,,6467925
2025-09-05 10:56:49.449706+05:30,159.6,,6467925
2025-09-05 10:56:50.664341+05:30,159.35,,6467925
2025-09-05 10:56:50.941510+05:30,159.85,,6467925
2025-09-05 10:56:51.147417+05:30,159.7,,6467925
2025-09-05 10:56:51.647510+05:30,159.4,,6467925
2025-09-05 10:56:52.409922+05:30,159.65,,6467925
2025-09-05 10:56:52.937927+05:30,159.95,,6467925
2025-09-05 10:56:53.691258+05:30,159.6,,6467925
2025-09-05 10:56:54.392456+05:30,160.2,,6467925
2025-09-05 10:56:54.727848+05:30,160.5,,6467925
2025-09-05 10:56:55.667648+05:30,159.6,,6467925
2025-09-05 10:56:55.950111+05:30,159.3,,6467925
2025-09-05 10:56:56.193874+05:30,159.4,,6467925
2025-09-05 10:56:56.730612+05:30,159.25,,6467925
2025-09-05 10:56:57.705390+05:30,159.0,,6467925
2025-09-05 10:56:57.959139+05:30,159.05,,6467925
2025-09-05 10:56:58.702785+05:30,158.75,,6467925
2025-09-05 10:56:59.436378+05:30,158.55,,6467925
2025-09-05 10:57:00.458277+05:30,158.55,,6467925
2025-09-05 10:57:00.790171+05:30,157.55,,6467925
2025-09-05 10:57:00.892594+05:30,156.4,,6467925
2025-09-05 10:57:01.147407+05:30,156.6,,6467925
2025-09-05 10:57:01.743545+05:30,157.0,,6467925
2025-09-05 10:57:02.731544+05:30,156.85,,6467925
2025-09-05 10:57:02.960835+05:30,156.55,,6467925
2025-09-05 10:57:03.765077+05:30,156.35,,6467925
2025-09-05 10:57:04.425896+05:30,155.6,,6467925
2025-09-05 10:57:04.715745+05:30,155.9,,6467925
2025-09-05 10:57:05.668759+05:30,155.25,,6467925
2025-09-05 10:57:05.892521+05:30,155.6,,6467925
2025-09-05 10:57:06.172733+05:30,155.45,,6467925
2025-09-05 10:57:06.659877+05:30,155.3,,6467925
2025-09-05 10:57:07.419133+05:30,155.2,,6467925
2025-09-05 10:57:07.642194+05:30,155.2,,6467925
2025-09-05 10:57:07.914315+05:30,155.75,,6467925
2025-09-05 10:57:08.688734+05:30,156.7,,6467925
2025-09-05 10:57:09.393550+05:30,156.6,,6467925
2025-09-05 10:57:09.697128+05:30,156.6,,6467925
2025-09-05 10:57:10.703837+05:30,156.6,,6467925
2025-09-05 10:57:10.892239+05:30,155.8,,6467925
2025-09-05 10:57:11.523052+05:30,156.1,,6467925
2025-09-05 10:57:11.680194+05:30,155.3,,6467925
2025-09-05 10:57:12.421616+05:30,156.1,,6467925
2025-09-05 10:57:13.142639+05:30,155.4,,6467925
2025-09-05 10:57:13.708815+05:30,156.05,,6467925
2025-09-05 10:57:14.414398+05:30,156.1,,6467925
2025-09-05 10:57:14.767197+05:30,155.45,,6467925
2025-09-05 10:57:15.680389+05:30,155.45,,6467925
2025-09-05 10:57:16.014824+05:30,157.25,,6467925
2025-09-05 10:57:16.452210+05:30,157.45,,6467925
2025-09-05 10:57:16.659182+05:30,157.7,,6467925
2025-09-05 10:57:17.397323+05:30,158.55,,6467925
2025-09-05 10:57:17.656227+05:30,158.5,,6467925
2025-09-05 10:57:18.682898+05:30,158.9,,6467925
2025-09-05 10:57:19.189434+05:30,159.0,,6467925
2025-09-05 10:57:19.744451+05:30,158.5,,6467925
2025-09-05 10:57:20.702934+05:30,158.95,,6467925
2025-09-05 10:57:20.935860+05:30,158.6,,6467925
2025-09-05 10:57:21.172554+05:30,159.0,,6467925
2025-09-05 10:57:21.642423+05:30,159.15,,6467925
2025-09-05 10:57:22.446431+05:30,159.4,,6467925
2025-09-05 10:57:22.695844+05:30,158.9,,6467925
2025-09-05 10:57:23.651420+05:30,158.4,,6467925
2025-09-05 10:57:24.213139+05:30,159.15,,6467925
2025-09-05 10:57:24.766690+05:30,158.85,,6467925
2025-09-05 10:57:25.663431+05:30,158.95,,6467925
2025-09-05 10:57:25.992726+05:30,159.15,,6467925
2025-09-05 10:57:26.199264+05:30,159.45,,6467925
2025-09-05 10:57:26.735276+05:30,160.55,,6467925
2025-09-05 10:57:27.762950+05:30,160.9,,6467925
2025-09-05 10:57:28.011809+05:30,161.0,,6467925
2025-09-05 10:57:28.643027+05:30,159.7,,6467925
2025-09-05 10:57:29.142169+05:30,159.5,,6467925
2025-09-05 10:57:29.692108+05:30,159.0,,6467925
2025-09-05 10:57:30.713441+05:30,160.05,,6467925
2025-09-05 10:57:30.937053+05:30,158.95,,6467925
2025-09-05 10:57:31.414330+05:30,159.2,,6467925
2025-09-05 10:57:31.762999+05:30,159.05,,6467925
2025-09-05 10:57:32.419456+05:30,158.75,,6467925
2025-09-05 10:57:32.680770+05:30,158.85,,6467925
2025-09-05 10:57:32.889590+05:30,159.05,,6467925
2025-09-05 10:57:33.642800+05:30,159.0,,6467925
2025-09-05 10:57:34.142158+05:30,158.65,,6467925
2025-09-05 10:57:34.642090+05:30,158.75,,6467925
2025-09-05 10:57:35.642418+05:30,159.2,,6467925
2025-09-05 10:57:35.985251+05:30,159.35,,6467925
2025-09-05 10:57:36.419383+05:30,160.1,,6467925
2025-09-05 10:57:36.711318+05:30,160.3,,6467925
2025-09-05 10:57:37.642242+05:30,159.35,,6467925
2025-09-05 10:57:37.946800+05:30,159.0,,6467925
2025-09-05 10:57:38.697272+05:30,159.5,,6467925
2025-09-05 10:57:39.201452+05:30,159.55,,6467925
2025-09-05 10:57:39.696131+05:30,159.55,,6467925
2025-09-05 10:57:40.713130+05:30,159.15,,6467925
2025-09-05 10:57:41.169219+05:30,159.3,,6467925
2025-09-05 10:57:41.758317+05:30,159.2,,6467925
2025-09-05 10:57:42.675476+05:30,158.9,,6467925
2025-09-05 10:57:43.952569+05:30,159.15,,6466800
2025-09-05 10:57:44.420904+05:30,158.95,,6466800
2025-09-05 10:57:44.699538+05:30,159.05,,6466800
2025-09-05 10:57:45.659948+05:30,159.45,,6466800
2025-09-05 10:57:46.167831+05:30,159.0,,6466800
2025-09-05 10:57:46.642675+05:30,159.3,,6466800
2025-09-05 10:57:47.699235+05:30,159.15,,6466800
2025-09-05 10:57:47.924120+05:30,159.1,,6466800
2025-09-05 10:57:48.736322+05:30,159.05,,6466800
2025-09-05 10:57:49.430823+05:30,157.35,,6466800
2025-09-05 10:57:49.712469+05:30,157.3,,6466800
2025-09-05 10:57:50.642026+05:30,157.85,,6466800
2025-09-05 10:57:51.213366+05:30,157.7,,6466800
2025-09-05 10:57:51.647310+05:30,157.25,,6466800
2025-09-05 10:57:52.734197+05:30,155.6,,6466800
2025-09-05 10:57:52.903771+05:30,155.4,,6466800
2025-09-05 10:57:53.682397+05:30,155.25,,6466800
2025-09-05 10:57:54.413955+05:30,154.0,,6466800
2025-09-05 10:57:54.663898+05:30,153.65,,6466800
2025-09-05 10:57:55.717243+05:30,153.1,,6466800
2025-09-05 10:57:56.211370+05:30,153.4,,6466800
2025-09-05 10:57:56.392095+05:30,153.2,,6466800
2025-09-05 10:57:56.983805+05:30,153.7,,6466800
2025-09-05 10:57:57.760705+05:30,154.35,,6466800
2025-09-05 10:57:58.691339+05:30,154.1,,6466800
2025-09-05 10:57:59.164125+05:30,154.6,,6466800
2025-09-05 10:57:59.663970+05:30,154.3,,6466800
2025-09-05 10:58:00.457340+05:30,154.65,,6466800
2025-09-05 10:58:01.192505+05:30,153.45,,6466800
2025-09-05 10:58:01.647211+05:30,153.05,,6466800
2025-09-05 10:58:11.143489+05:30,153.35,,6466800
2025-09-05 10:58:11.259119+05:30,153.6,,6466800
2025-09-05 10:58:11.338319+05:30,153.75,,6466800
2025-09-05 10:58:11.472357+05:30,153.95,,6466800
2025-09-05 10:58:11.544303+05:30,154.95,,6466800
2025-09-05 10:58:11.630518+05:30,155.5,,6466800
2025-09-05 10:58:11.803351+05:30,155.65,,6466800
2025-09-05 10:58:11.875581+05:30,155.35,,6466800
2025-09-05 10:58:11.891738+05:30,156.7,,6466800
2025-09-05 10:58:12.113818+05:30,156.7,,6466800
2025-09-05 10:58:12.241697+05:30,156.2,,6466800
2025-09-05 10:58:12.384727+05:30,157.0,,6466800
2025-09-05 10:58:12.586376+05:30,156.15,,6466800
2025-09-05 10:58:12.771449+05:30,155.9,,6466800
2025-09-05 10:58:13.157586+05:30,155.5,,6466800
2025-09-05 10:58:13.435990+05:30,155.4,,6466800
2025-09-05 10:58:13.690157+05:30,155.75,,6466800
2025-09-05 10:58:13.864345+05:30,156.7,,6466800
2025-09-05 10:58:13.955390+05:30,156.3,,6466800
2025-09-05 10:58:14.197350+05:30,156.2,,6466800
2025-09-05 10:58:14.363145+05:30,156.15,,6466800
2025-09-05 10:58:14.663795+05:30,156.1,,6466800
2025-09-05 10:58:15.723656+05:30,156.3,,6466800
2025-09-05 10:58:16.175206+05:30,155.9,,6466800
2025-09-05 10:58:16.641851+05:30,154.8,,6466800
2025-09-05 10:58:17.430287+05:30,155.1,,6466800
2025-09-05 10:58:17.729051+05:30,154.65,,6466800
2025-09-05 10:58:17.936165+05:30,155.35,,6466800
2025-09-05 10:58:18.696600+05:30,156.1,,6466800
2025-09-05 10:58:19.222969+05:30,155.2,,6466800
2025-09-05 10:58:19.717638+05:30,155.3,,6466800
2025-09-05 10:58:20.761519+05:30,155.35,,6466800
2025-09-05 10:58:21.172130+05:30,155.35,,6466800
2025-09-05 10:58:21.696383+05:30,155.5,,6466800
2025-09-05 10:58:22.457212+05:30,155.35,,6466800
2025-09-05 10:58:22.653591+05:30,155.35,,6466800
2025-09-05 10:58:23.008699+05:30,155.6,,6466800
2025-09-05 10:58:23.667616+05:30,154.95,,6466800
2025-09-05 10:58:24.159112+05:30,154.95,,6466800
2025-09-05 10:58:24.638516+05:30,154.65,,6466800
2025-09-05 10:58:25.691820+05:30,155.0,,6466800
2025-09-05 10:58:26.419269+05:30,154.7,,6466800
2025-09-05 10:58:26.641908+05:30,155.0,,6466800
2025-09-05 10:58:27.473910+05:30,155.45,,6466800
2025-09-05 10:58:27.714373+05:30,155.85,,6466800
2025-09-05 10:58:27.945772+05:30,155.4,,6466800
2025-09-05 10:58:28.686089+05:30,156.15,,6466800
2025-09-05 10:58:29.165643+05:30,155.85,,6466800
2025-09-05 10:58:29.680822+05:30,156.9,,6466800
2025-09-05 10:58:30.420464+05:30,156.9,,6466800
2025-09-05 10:58:30.692936+05:30,156.6,,6466800
2025-09-05 10:58:31.457368+05:30,157.1,,6466800
2025-09-05 10:58:31.638619+05:30,157.6,,6466800
2025-09-05 10:58:32.418989+05:30,157.7,,6466800
2025-09-05 10:58:32.711984+05:30,157.55,,6466800
2025-09-05 10:58:32.921584+05:30,156.7,,6466800
2025-09-05 10:58:33.684521+05:30,156.45,,6466800
2025-09-05 10:58:34.156349+05:30,156.6,,6466800
2025-09-05 10:58:34.716487+05:30,156.25,,6466800
2025-09-05 10:58:35.720376+05:30,156.6,,6466800
2025-09-05 10:58:35.970986+05:30,156.25,,6466800
2025-09-05 10:58:36.169743+05:30,156.15,,6466800
2025-09-05 10:58:36.641759+05:30,156.0,,6466800
2025-09-05 10:58:37.391754+05:30,156.0,,6466800
2025-09-05 10:58:37.641883+05:30,156.0,,6466800
2025-09-05 10:58:37.966393+05:30,155.75,,6466800
2025-09-05 10:58:38.659113+05:30,155.9,,6466800
2025-09-05 10:58:39.386923+05:30,155.4,,6466800
2025-09-05 10:58:39.669315+05:30,155.4,,6466800
2025-09-05 10:58:40.664930+05:30,155.0,,6466800
2025-09-05 10:58:40.962314+05:30,155.3,,6466800
2025-09-05 10:58:41.424803+05:30,154.9,,6466800
2025-09-05 10:58:41.679988+05:30,154.9,,6466800
2025-09-05 10:58:42.495569+05:30,155.25,,6466800
2025-09-05 10:58:42.641760+05:30,155.25,,6466800
2025-09-05 10:58:42.946874+05:30,154.6,,6466800
2025-09-05 10:58:43.740483+05:30,154.35,,6466800
2025-09-05 10:58:44.430269+05:30,154.25,,6466800
2025-09-05 10:58:44.762196+05:30,154.05,,6466800
2025-09-05 10:59:11.102917+05:30,153.9,,6466800
2025-09-05 10:59:11.164482+05:30,153.9,,6466800
2025-09-05 10:59:11.255110+05:30,153.45,,6466800
2025-09-05 10:59:11.347598+05:30,153.6,,6466800
2025-09-05 10:59:11.709116+05:30,153.6,,6466800
2025-09-05 10:59:11.785287+05:30,153.65,,6466800
2025-09-05 10:59:12.068404+05:30,153.05,,6466800
2025-09-05 10:59:12.248041+05:30,153.25,,6466800
2025-09-05 10:59:12.424639+05:30,153.15,,6466800
2025-09-05 10:59:12.712529+05:30,153.5,,6466800
2025-09-05 10:59:12.836904+05:30,153.2,,6466800
2025-09-05 10:59:12.963134+05:30,152.5,,6466800
2025-09-05 10:59:13.006728+05:30,152.8,,6466800
2025-09-05 10:59:13.320724+05:30,152.75,,6466800
2025-09-05 10:59:13.395739+05:30,152.25,,6466800
2025-09-05 10:59:13.575373+05:30,152.7,,6466800
2025-09-05 10:59:13.963164+05:30,152.7,,6466800
2025-09-05 10:59:14.170998+05:30,152.7,,6466800
2025-09-05 10:59:14.349917+05:30,152.4,,6466800
2025-09-05 10:59:14.574058+05:30,151.5,,6466800
2025-09-05 10:59:14.854081+05:30,151.65,,6466800
2025-09-05 10:59:15.126419+05:30,151.75,,6466800
2025-09-05 10:59:15.159878+05:30,151.8,,6466800
2025-09-05 10:59:15.348097+05:30,151.75,,6466800
2025-09-05 10:59:15.507309+05:30,152.3,,6466800
2025-09-05 10:59:15.664278+05:30,152.7,,6466800
2025-09-05 10:59:15.837074+05:30,153.45,,6466800
2025-09-05 10:59:16.071745+05:30,153.5,,6466800
2025-09-05 10:59:16.206680+05:30,154.15,,6466800
2025-09-05 10:59:16.583148+05:30,153.55,,6466800
2025-09-05 10:59:16.740399+05:30,153.3,,6466800
2025-09-05 10:59:17.007435+05:30,153.35,,6466800
2025-09-05 10:59:17.080581+05:30,153.3,,6466800
2025-09-05 10:59:17.338617+05:30,153.1,,6466800
2025-09-05 10:59:17.475817+05:30,153.15,,6466800
2025-09-05 10:59:17.579943+05:30,153.3,,6466800
2025-09-05 10:59:18.022207+05:30,152.25,,6466800
2025-09-05 10:59:18.135563+05:30,152.05,,6466800
2025-09-05 10:59:18.289966+05:30,151.9,,6466800
2025-09-05 10:59:18.673870+05:30,151.45,,6466800
2025-09-05 10:59:18.866984+05:30,151.5,,6466800
2025-09-05 10:59:19.117413+05:30,151.05,,6466800
2025-09-05 10:59:19.270667+05:30,151.0,,6466800
2025-09-05 10:59:19.616842+05:30,151.0,,6466800
2025-09-05 10:59:19.830094+05:30,151.0,,6466800
2025-09-05 10:59:20.126661+05:30,150.9,,6466800
2025-09-05 10:59:20.393598+05:30,150.75,,6466800
2025-09-05 10:59:20.453708+05:30,150.9,,6466800
2025-09-05 10:59:20.893244+05:30,151.55,,6466800
2025-09-05 10:59:20.960996+05:30,151.45,,6466800
2025-09-05 10:59:21.211502+05:30,151.2,,6466800
2025-09-05 10:59:21.317553+05:30,151.1,,6466800
2025-09-05 10:59:21.645793+05:30,151.0,,6466800
2025-09-05 10:59:21.724294+05:30,150.25,,6466800
2025-09-05 10:59:21.820135+05:30,150.2,,6466800
2025-09-05 10:59:21.996054+05:30,150.3,,6466800
2025-09-05 10:59:22.233605+05:30,150.4,,6466800
2025-09-05 10:59:22.353779+05:30,150.8,,6466800
2025-09-05 10:59:22.693278+05:30,150.6,,6466800
2025-09-05 10:59:22.812430+05:30,150.65,,6466800
2025-09-05 10:59:23.014294+05:30,151.05,,6466800
2025-09-05 10:59:23.240566+05:30,150.75,,6466800
2025-09-05 10:59:23.458860+05:30,150.8,,6466800
2025-09-05 10:59:23.568253+05:30,150.6,,6466800
2025-09-05 10:59:23.763674+05:30,150.3,,6466800
2025-09-05 10:59:23.894147+05:30,150.25,,6466800
2025-09-05 10:59:24.092333+05:30,151.15,,6466800
2025-09-05 10:59:24.157985+05:30,151.15,,6466800
2025-09-05 10:59:24.513580+05:30,150.65,,6466800
2025-09-05 10:59:24.563487+05:30,150.75,,6466800
2025-09-05 10:59:24.957247+05:30,150.75,,6466800
2025-09-05 10:59:25.302487+05:30,150.2,,6466800
2025-09-05 10:59:25.454736+05:30,150.75,,6466800
2025-09-05 10:59:25.555908+05:30,150.75,,6466800
2025-09-05 10:59:25.745468+05:30,150.45,,6466800
2025-09-05 10:59:25.945655+05:30,150.15,,6466800
2025-09-05 10:59:26.415315+05:30,149.55,,6466800
2025-09-05 10:59:26.463761+05:30,150.1,,6466800
2025-09-05 10:59:26.654784+05:30,150.0,,6466800
2025-09-05 10:59:26.767309+05:30,150.15,,6466800
2025-09-05 11:00:11.163414+05:30,150.95,,6466800
2025-09-05 11:00:11.232534+05:30,150.9,,6466800
2025-09-05 11:00:11.403740+05:30,150.8,,6466800
2025-09-05 11:00:11.505221+05:30,150.7,,6466800
2025-09-05 11:00:11.689136+05:30,150.85,,6466800
2025-09-05 11:00:11.793812+05:30,150.65,,6466800
2025-09-05 11:00:11.811881+05:30,150.8,,6466800
2025-09-05 11:00:12.047733+05:30,150.8,,6466800
2025-09-05 11:00:12.090731+05:30,150.9,,6466800
2025-09-05 11:00:12.334025+05:30,150.65,,6466800
2025-09-05 11:00:12.567467+05:30,151.55,,6466800
2025-09-05 11:00:12.740782+05:30,151.35,,6466800
2025-09-05 11:00:12.830072+05:30,152.8,,6466800
2025-09-05 11:00:13.050795+05:30,153.2,,6466800
2025-09-05 11:00:13.179181+05:30,152.9,,6466800
2025-09-05 11:00:13.404311+05:30,152.2,,6466800
2025-09-05 11:00:13.528969+05:30,152.55,,6466800
2025-09-05 11:00:13.881094+05:30,151.7,,6466800
2025-09-05 11:00:14.066971+05:30,151.7,,6466800
2025-09-05 11:00:14.196668+05:30,151.6,,6466800
2025-09-05 11:00:14.348982+05:30,151.9,,6466800
2025-09-05 11:00:14.628959+05:30,151.85,,6466800
2025-09-05 11:00:14.650654+05:30,151.6,,6466800
2025-09-05 11:00:14.804749+05:30,152.05,,6466800
2025-09-05 11:00:15.105256+05:30,151.9,,6466800
2025-09-05 11:00:15.408301+05:30,151.8,,6466800
2025-09-05 11:00:15.518955+05:30,152.1,,6466800
2025-09-05 11:00:15.769895+05:30,151.9,,6466800
2025-09-05 11:00:15.958239+05:30,152.0,,6466800
2025-09-05 11:00:16.193109+05:30,151.55,,6466800
2025-09-05 11:00:16.266299+05:30,151.75,,6466800
2025-09-05 11:00:16.455215+05:30,151.5,,6466800
2025-09-05 11:00:16.603064+05:30,151.6,,6466800
2025-09-05 11:00:16.642320+05:30,151.9,,6466800
2025-09-05 11:00:16.892163+05:30,151.6,,6466800
2025-09-05 11:00:17.141380+05:30,151.55,,6466800
2025-09-05 11:00:17.377421+05:30,151.85,,6466800
2025-09-05 11:00:17.491357+05:30,152.05,,6466800
2025-09-05 11:00:17.580995+05:30,152.05,,6466800
2025-09-05 11:00:17.736071+05:30,152.05,,6466800
2025-09-05 11:00:17.806315+05:30,152.5,,6466800
2025-09-05 11:00:17.996145+05:30,152.85,,6466800
2025-09-05 11:00:18.034200+05:30,152.55,,6466800
2025-09-05 11:00:18.307484+05:30,152.4,,6466800
2025-09-05 11:00:18.385304+05:30,152.45,,6466800
2025-09-05 11:00:18.694654+05:30,152.15,,6466800
2025-09-05 11:00:18.904294+05:30,152.75,,6466800
2025-09-05 11:00:19.097978+05:30,153.0,,6466800
2025-09-05 11:00:19.239777+05:30,152.85,,6466800
2025-09-05 11:00:19.750295+05:30,152.8,,6466800
2025-09-05 11:00:19.967222+05:30,152.75,,6466800
2025-09-05 11:00:20.016616+05:30,152.9,,6466800
2025-09-05 11:00:20.076348+05:30,152.7,,6466800
2025-09-05 11:00:20.412372+05:30,152.9,,6466800
2025-09-05 11:00:20.695127+05:30,152.5,,6466800
2025-09-05 11:00:20.886852+05:30,152.45,,6466800
2025-09-05 11:00:21.193706+05:30,152.5,,6466800
2025-09-05 11:00:21.320191+05:30,151.8,,6466800
2025-09-05 11:00:21.509524+05:30,151.4,,6466800
2025-09-05 11:00:21.718192+05:30,151.7,,6466800
2025-09-05 11:00:22.000872+05:30,151.75,,6466800
2025-09-05 11:00:22.035716+05:30,151.3,,6466800
2025-09-05 11:00:22.150861+05:30,151.45,,6466800
2025-09-05 11:00:22.498840+05:30,150.65,,6466800
2025-09-05 11:00:22.647099+05:30,150.3,,6466800
2025-09-05 11:00:22.834854+05:30,150.55,,6466800
2025-09-05 11:00:23.028185+05:30,150.3,,6466800
2025-09-05 11:00:23.189773+05:30,150.8,,6466800
2025-09-05 11:00:23.390746+05:30,150.85,,6466800
2025-09-05 11:00:23.780064+05:30,150.3,,6466800
2025-09-05 11:00:23.949825+05:30,149.4,,6466800
2025-09-05 11:00:24.019528+05:30,149.55,,6466800
2025-09-05 11:00:24.125478+05:30,149.4,,6466800
2025-09-05 11:00:24.363747+05:30,150.05,,6466800
2025-09-05 11:00:24.716690+05:30,149.9,,6466800
2025-09-05 11:00:24.865776+05:30,151.0,,6466800
2025-09-05 11:00:25.085974+05:30,150.85,,6466800
2025-09-05 11:00:25.459700+05:30,151.1,,6466800
2025-09-05 11:00:25.708374+05:30,150.25,,6466800
2025-09-05 11:00:25.965240+05:30,150.25,,6466800
2025-09-05 11:00:26.080895+05:30,150.55,,6466800
2025-09-05 11:00:56.356453+05:30,150.95,,6466800
2025-09-05 11:00:56.656408+05:30,151.8,,6466800
2025-09-05 11:00:56.762156+05:30,151.45,,6466800
2025-09-05 11:00:56.875846+05:30,151.6,,6466800
2025-09-05 11:00:57.088715+05:30,151.8,,6466800
2025-09-05 11:00:57.217257+05:30,152.5,,6466800
2025-09-05 11:00:57.312768+05:30,152.65,,6466800
2025-09-05 11:00:57.730387+05:30,151.95,,6466800
2025-09-05 11:00:57.853970+05:30,151.9,,6466800
2025-09-05 11:00:57.977120+05:30,151.9,,6466800
2025-09-05 11:00:58.159417+05:30,152.0,,6466800
2025-09-05 11:00:58.286988+05:30,151.4,,6466800
2025-09-05 11:00:58.448120+05:30,151.4,,6466800
2025-09-05 11:00:58.564227+05:30,151.6,,6466800
2025-09-05 11:00:58.633675+05:30,151.7,,6466800
2025-09-05 11:00:58.692905+05:30,151.55,,6466800
2025-09-05 11:00:58.815556+05:30,151.25,,6466800
2025-09-05 11:00:58.943896+05:30,151.4,,6466800
2025-09-05 11:00:59.120462+05:30,151.7,,6466800
2025-09-05 11:00:59.169456+05:30,151.25,,6466800
2025-09-05 11:00:59.454927+05:30,151.85,,6466800
2025-09-05 11:00:59.591241+05:30,151.2,,6466800
2025-09-05 11:00:59.796056+05:30,151.75,,6466800
2025-09-05 11:00:59.992127+05:30,151.6,,6466800
2025-09-05 11:01:00.128496+05:30,151.55,,6466800
2025-09-05 11:01:00.515257+05:30,151.35,,6466800
2025-09-05 11:01:00.875983+05:30,151.4,,6466800
2025-09-05 11:01:01.172650+05:30,150.25,,6466800
2025-09-05 11:01:01.211995+05:30,150.15,,6466800
2025-09-05 11:01:01.393609+05:30,149.95,,6466800
2025-09-05 11:01:01.469672+05:30,150.0,,6466800
2025-09-05 11:01:01.603895+05:30,149.4,,6466800
2025-09-05 11:01:01.687879+05:30,149.05,,6466800
2025-09-05 11:01:01.998796+05:30,149.95,,6466800
2025-09-05 11:01:02.299951+05:30,149.05,,6466800
2025-09-05 11:01:02.349887+05:30,148.75,,6466800
2025-09-05 11:01:02.530034+05:30,149.1,,6466800
2025-09-05 11:01:02.591421+05:30,149.15,,6466800
2025-09-05 11:01:02.701099+05:30,148.85,,6466800
2025-09-05 11:01:02.892971+05:30,150.45,,6466800
2025-09-05 11:01:03.009802+05:30,151.15,,6466800
2025-09-05 11:01:03.231128+05:30,151.05,,6466800
2025-09-05 11:01:03.508970+05:30,151.05,,6466800
2025-09-05 11:01:03.645716+05:30,151.85,,6466800
2025-09-05 11:01:03.730729+05:30,151.8,,6466800
2025-09-05 11:01:03.971491+05:30,152.0,,6466800
2025-09-05 11:01:04.024495+05:30,151.65,,6466800
2025-09-05 11:01:04.317745+05:30,151.3,,6466800
2025-09-05 11:01:04.451616+05:30,150.95,,6466800
2025-09-05 11:01:04.630644+05:30,150.65,,6466800
2025-09-05 11:01:04.791935+05:30,150.8,,6466800
2025-09-05 11:01:04.919862+05:30,151.05,,6466800
2025-09-05 11:01:05.131871+05:30,151.05,,6466800
2025-09-05 11:01:05.447366+05:30,151.3,,6466800
2025-09-05 11:01:05.589975+05:30,150.85,,6466800
2025-09-05 11:01:05.682779+05:30,150.85,,6466800
2025-09-05 11:01:05.764480+05:30,150.7,,6466800
2025-09-05 11:01:06.197753+05:30,150.7,,6466800
2025-09-05 11:01:06.255086+05:30,150.95,,6466800
2025-09-05 11:01:06.436312+05:30,150.95,,6466800
2025-09-05 11:01:06.547539+05:30,151.15,,6466800
2025-09-05 11:01:06.764748+05:30,150.3,,6466800
2025-09-05 11:01:06.897168+05:30,149.75,,6466800
2025-09-05 11:01:07.216439+05:30,148.65,,6466800
2025-09-05 11:01:07.296215+05:30,148.8,,6466800
2025-09-05 11:01:07.392478+05:30,148.75,,6466800
2025-09-05 11:01:07.539974+05:30,149.1,,6466800
2025-09-05 11:01:07.688561+05:30,149.45,,6466800
2025-09-05 11:01:07.776129+05:30,150.6,,6466800
2025-09-05 11:01:07.845335+05:30,151.8,,6466800
2025-09-05 11:01:07.878738+05:30,150.8,,6421575
2025-09-05 11:01:08.127260+05:30,151.2,,6421575
2025-09-05 11:01:08.145505+05:30,151.6,,6421575
2025-09-05 11:01:08.384687+05:30,151.05,,6421575
2025-09-05 11:01:08.500527+05:30,150.95,,6421575
2025-09-05 11:01:08.569245+05:30,151.15,,6421575
2025-09-05 11:01:08.623461+05:30,151.65,,6421575
2025-09-05 11:01:08.934921+05:30,151.75,,6421575
2025-09-05 11:01:08.979925+05:30,151.7,,6421575
2025-09-05 11:01:09.098420+05:30,152.0,,6421575
2025-09-05 11:01:09.345971+05:30,151.6,,6421575
2025-09-05 11:01:09.548423+05:30,151.45,,6421575
2025-09-05 11:01:09.608780+05:30,151.6,,6421575
2025-09-05 11:01:09.909253+05:30,151.0,,6421575
2025-09-05 11:01:10.061153+05:30,151.0,,6421575
2025-09-05 11:01:10.268234+05:30,151.5,,6421575
2025-09-05 11:01:10.348581+05:30,151.15,,6421575
2025-09-05 11:01:10.565346+05:30,151.05,,6421575
2025-09-05 11:01:10.731914+05:30,151.15,,6421575
2025-09-05 11:01:10.854746+05:30,151.35,,6421575
2025-09-05 11:01:11.039227+05:30,150.85,,6421575
2025-09-05 11:01:11.274389+05:30,150.95,,6421575
2025-09-05 11:01:11.438860+05:30,150.55,,6421575
2025-09-05 11:01:11.740220+05:30,149.95,,6421575
2025-09-05 11:01:11.764606+05:30,150.35,,6421575
2025-09-05 11:01:11.950698+05:30,149.5,,6421575
2025-09-05 11:01:12.077382+05:30,149.8,,6421575
2025-09-05 11:01:12.303186+05:30,149.95,,6421575
2025-09-05 11:01:12.343803+05:30,149.35,,6421575
2025-09-05 11:01:12.432834+05:30,149.35,,6421575
2025-09-05 11:01:12.648336+05:30,149.65,,6421575
2025-09-05 11:01:12.905906+05:30,149.0,,6421575
2025-09-05 11:01:12.956845+05:30,149.7,,6421575
2025-09-05 11:01:13.334022+05:30,149.7,,6421575
2025-09-05 11:01:13.422125+05:30,148.4,,6421575
2025-09-05 11:01:13.609091+05:30,148.45,,6421575
2025-09-05 11:01:13.682503+05:30,147.75,,6421575
2025-09-05 11:01:13.859302+05:30,148.35,,6421575
2025-09-05 11:01:13.918655+05:30,148.4,,6421575
2025-09-05 11:01:13.955282+05:30,148.3,,6421575
2025-09-05 11:01:14.153064+05:30,148.2,,6421575
2025-09-05 11:01:14.449736+05:30,148.4,,6421575
2025-09-05 11:01:14.516871+05:30,148.75,,6421575
2025-09-05 11:01:14.802441+05:30,149.55,,6421575
2025-09-05 11:01:14.926914+05:30,149.95,,6421575
2025-09-05 11:01:15.003030+05:30,149.7,,6421575
2025-09-05 11:01:15.041066+05:30,149.3,,6421575
2025-09-05 11:01:15.362349+05:30,149.35,,6421575
2025-09-05 11:01:15.422731+05:30,149.3,,6421575
2025-09-05 11:01:15.663417+05:30,148.9,,6421575
2025-09-05 11:01:15.882449+05:30,148.75,,6421575
2025-09-05 11:01:15.960866+05:30,149.1,,6421575
2025-09-05 11:01:16.253589+05:30,148.25,,6421575
2025-09-05 11:01:16.378461+05:30,148.35,,6421575
2025-09-05 11:01:16.506660+05:30,147.9,,6421575
2025-09-05 11:01:16.620381+05:30,148.55,,6421575
2025-09-05 11:01:16.910422+05:30,148.5,,6421575
2025-09-05 11:01:16.968626+05:30,148.05,,6421575
2025-09-05 11:01:17.109573+05:30,147.6,,6421575
2025-09-05 11:01:17.384374+05:30,147.75,,6421575
2025-09-05 11:01:17.490040+05:30,147.75,,6421575
2025-09-05 11:01:17.685555+05:30,147.95,,6421575
2025-09-05 11:01:17.924400+05:30,147.45,,6421575
2025-09-05 11:01:18.092302+05:30,147.1,,6421575
2025-09-05 11:01:18.293901+05:30,147.55,,6421575
2025-09-05 11:01:18.347455+05:30,147.9,,6421575
2025-09-05 11:01:18.642624+05:30,147.9,,6421575
2025-09-05 11:01:18.684141+05:30,147.8,,6421575
2025-09-05 11:01:18.899069+05:30,148.4,,6421575
2025-09-05 11:01:19.200200+05:30,148.5,,6421575
2025-09-05 11:01:19.653830+05:30,148.8,,6421575
2025-09-05 11:01:20.944584+05:30,148.6,,6421575
2025-09-05 11:01:21.694702+05:30,148.4,,6421575
2025-09-05 11:01:22.394067+05:30,148.45,,6421575
2025-09-05 11:01:22.662826+05:30,148.45,,6421575
2025-09-05 11:01:23.260832+05:30,148.45,,6421575
2025-09-05 11:01:23.640877+05:30,148.2,,6421575
2025-09-05 11:01:24.187740+05:30,148.0,,6421575
2025-09-05 11:01:24.688975+05:30,148.0,,6421575
2025-09-05 11:01:25.675533+05:30,151.7,,6421575
2025-09-05 11:01:26.668998+05:30,150.75,,6421575
2025-09-05 11:01:27.407370+05:30,151.2,,6421575
2025-09-05 11:01:27.652907+05:30,150.6,,6421575
2025-09-05 11:01:28.263718+05:30,151.0,,6421575
2025-09-05 11:01:28.636535+05:30,150.6,,6421575
2025-09-05 11:01:29.163848+05:30,150.75,,6421575
2025-09-05 11:01:29.998227+05:30,150.55,,6421575
2025-09-05 11:01:30.417861+05:30,150.55,,6421575
2025-09-05 11:01:30.657514+05:30,150.9,,6421575
2025-09-05 11:01:31.390691+05:30,150.65,,6421575
2025-09-05 11:01:31.771095+05:30,151.35,,6421575
2025-09-05 11:01:32.669821+05:30,151.55,,6421575
2025-09-05 11:01:32.909119+05:30,151.55,,6421575
2025-09-05 11:01:33.679452+05:30,150.9,,6421575
2025-09-05 11:01:34.228387+05:30,150.1,,6421575
2025-09-05 11:01:34.691993+05:30,150.55,,6421575
2025-09-05 11:01:35.668183+05:30,150.75,,6421575
2025-09-05 11:01:36.766284+05:30,149.8,,6421575
2025-09-05 11:01:37.411621+05:30,149.3,,6421575
2025-09-05 11:01:37.640972+05:30,149.35,,6421575
2025-09-05 11:01:38.142295+05:30,148.85,,6421575
2025-09-05 11:01:38.640624+05:30,148.35,,6421575
2025-09-05 11:01:39.196585+05:30,148.0,,6421575
2025-09-05 11:01:39.678959+05:30,147.45,,6421575
2025-09-05 11:01:40.663337+05:30,147.5,,6421575
2025-09-05 11:01:41.391696+05:30,148.1,,6421575
2025-09-05 11:01:41.760023+05:30,148.0,,6421575
2025-09-05 11:01:42.396957+05:30,149.2,,6421575
2025-09-05 11:01:42.685831+05:30,149.15,,6421575
2025-09-05 11:01:42.955847+05:30,148.9,,6421575
2025-09-05 11:01:43.640601+05:30,149.0,,6421575
2025-09-05 11:01:44.164373+05:30,149.15,,6421575
2025-09-05 11:01:44.674110+05:30,148.1,,6421575
2025-09-05 11:01:45.674603+05:30,147.95,,6421575
2025-09-05 11:01:46.391190+05:30,147.8,,6421575
2025-09-05 11:01:46.741071+05:30,147.8,,6421575
2025-09-05 11:01:47.436299+05:30,147.8,,6421575
2025-09-05 11:01:47.659914+05:30,147.9,,6421575
2025-09-05 11:01:47.940100+05:30,147.85,,6421575
2025-09-05 11:01:48.667928+05:30,147.95,,6421575
2025-09-05 11:01:49.218318+05:30,148.0,,6421575
2025-09-05 11:01:49.652172+05:30,147.95,,6421575
2025-09-05 11:01:50.701071+05:30,148.5,,6421575
2025-09-05 11:01:51.663354+05:30,147.8,,6421575
2025-09-05 11:01:52.689121+05:30,147.7,,6421575
2025-09-05 11:01:52.907438+05:30,147.4,,6421575
2025-09-05 11:01:53.712723+05:30,148.0,,6421575
2025-09-05 11:01:54.203698+05:30,147.7,,6421575
2025-09-05 11:01:54.690818+05:30,148.1,,6421575
2025-09-05 11:01:55.674410+05:30,147.45,,6421575
2025-09-05 11:01:55.955786+05:30,147.85,,6421575
2025-09-05 11:01:56.456399+05:30,147.3,,6421575
2025-09-05 11:01:56.653198+05:30,147.05,,6421575
2025-09-05 11:01:57.395700+05:30,146.6,,6421575
2025-09-05 11:01:57.641049+05:30,146.75,,6421575
2025-09-05 11:01:58.172515+05:30,146.6,,6421575
2025-09-05 11:01:58.695938+05:30,146.35,,6421575
2025-09-05 11:01:59.138623+05:30,146.55,,6421575
2025-09-05 11:01:59.657237+05:30,146.25,,6421575
2025-09-05 11:02:00.652528+05:30,146.25,,6421575
2025-09-05 11:02:00.890689+05:30,146.6,,6421575
2025-09-05 11:02:01.461212+05:30,146.3,,6421575
2025-09-05 11:02:01.652420+05:30,146.1,,6421575
2025-09-05 11:02:02.641542+05:30,146.3,,6421575
2025-09-05 11:02:02.966042+05:30,146.3,,6421575
2025-09-05 11:02:03.640474+05:30,146.05,,6421575
2025-09-05 11:02:03.892185+05:30,146.05,,6421575
2025-09-05 11:02:04.196516+05:30,146.25,,6421575
2025-09-05 11:02:04.692310+05:30,146.85,,6421575
2025-09-05 11:02:05.727523+05:30,147.2,,6421575
2025-09-05 11:02:06.419322+05:30,147.0,,6421575
2025-09-05 11:02:06.733822+05:30,146.95,,6421575
2025-09-05 11:02:07.642473+05:30,147.4,,6421575
2025-09-05 11:02:07.952075+05:30,146.95,,6421575
2025-09-05 11:02:08.733787+05:30,146.0,,6421575
2025-09-05 11:02:09.140519+05:30,144.45,,6421575
2025-09-05 11:02:09.980249+05:30,144.65,,6421575
2025-09-05 11:02:10.663059+05:30,145.5,,6421575
2025-09-05 11:02:11.456577+05:30,145.65,,6421575
2025-09-05 11:02:11.640854+05:30,146.65,,6421575
2025-09-05 11:02:12.636501+05:30,146.8,,6421575
2025-09-05 11:02:13.137573+05:30,146.7,,6421575
2025-09-05 11:02:13.640488+05:30,146.6,,6421575
2025-09-05 11:02:14.469482+05:30,147.15,,6421575
2025-09-05 11:02:14.660864+05:30,148.3,,6421575
2025-09-05 11:02:15.662612+05:30,148.1,,6421575
2025-09-05 11:02:16.473573+05:30,147.55,,6421575
2025-09-05 11:02:16.941264+05:30,148.0,,6421575
2025-09-05 11:02:17.385303+05:30,147.95,,6421575
2025-09-05 11:02:17.662504+05:30,148.0,,6421575
2025-09-05 11:02:17.913070+05:30,148.0,,6421575
2025-09-05 11:02:18.218358+05:30,147.75,,6421575
2025-09-05 11:02:18.903257+05:30,147.85,,6421575
2025-09-05 11:02:19.922826+05:30,147.95,,6421575
2025-09-05 11:02:20.640432+05:30,147.9,,6421575
2025-09-05 11:02:21.140403+05:30,147.8,,6421575
2025-09-05 11:02:21.948515+05:30,147.55,,6421575
2025-09-05 11:02:22.429124+05:30,147.5,,6421575
2025-09-05 11:02:22.917230+05:30,148.0,,6421575
2025-09-05 11:02:23.892824+05:30,148.2,,6421575
2025-09-05 11:02:24.670677+05:30,147.95,,6421575
2025-09-05 11:02:25.902156+05:30,147.9,,6421575
2025-09-05 11:02:26.404309+05:30,147.2,,6421575
2025-09-05 11:02:26.978157+05:30,148.0,,6421575
2025-09-05 11:02:27.168200+05:30,147.7,,6421575
2025-09-05 11:02:27.656945+05:30,147.85,,6421575
2025-09-05 11:02:27.930520+05:30,147.85,,6421575
2025-09-05 11:02:28.640593+05:30,147.4,,6421575
2025-09-05 11:02:29.471609+05:30,147.4,,6421575
2025-09-05 11:02:29.641341+05:30,147.8,,6421575
2025-09-05 11:02:30.685746+05:30,147.8,,6421575
2025-09-05 11:02:30.936833+05:30,147.3,,6421575
2025-09-05 11:02:31.912195+05:30,146.95,,6421575
2025-09-05 11:02:32.408156+05:30,147.05,,6421575
2025-09-05 11:02:32.977439+05:30,147.1,,6421575
2025-09-05 11:02:33.956297+05:30,147.45,,6421575
2025-09-05 11:02:34.694100+05:30,147.55,,6421575
2025-09-05 11:02:34.948290+05:30,147.9,,6421575
2025-09-05 11:02:35.712585+05:30,148.1,,6421575
2025-09-05 11:02:35.967312+05:30,148.1,,6421575
2025-09-05 11:02:36.187826+05:30,148.05,,6421575
2025-09-05 11:02:36.907041+05:30,148.65,,6421575
2025-09-05 11:02:37.412256+05:30,148.6,,6421575
2025-09-05 11:02:37.918791+05:30,148.3,,6421575
2025-09-05 11:02:38.895384+05:30,148.35,,6421575
2025-09-05 11:02:39.636450+05:30,148.4,,6421575
2025-09-05 11:02:40.198515+05:30,148.95,,6421575
2025-09-05 11:02:40.675437+05:30,149.4,,6421575
2025-09-05 11:02:40.924830+05:30,149.4,,6421575
2025-09-05 11:02:41.135835+05:30,149.3,,6421575
2025-09-05 11:02:41.943518+05:30,149.55,,6421575
2025-09-05 11:02:42.394675+05:30,149.15,,6421575
2025-09-05 11:02:42.910661+05:30,148.5,,6421575
2025-09-05 11:02:43.953385+05:30,148.65,,6421575
2025-09-05 11:02:44.474268+05:30,147.8,,6421575
2025-09-05 11:02:44.940744+05:30,147.75,,6421575
2025-09-05 11:02:45.640219+05:30,148.3,,6421575
2025-09-05 11:02:45.900432+05:30,148.4,,6421575
2025-09-05 11:02:46.194920+05:30,148.3,,6421575
2025-09-05 11:02:46.926098+05:30,148.4,,6421575
2025-09-05 11:02:47.411846+05:30,148.8,,6421575
2025-09-05 11:02:47.640469+05:30,148.8,,6421575
2025-09-05 11:02:47.933954+05:30,148.8,,6421575
2025-09-05 11:02:48.998607+05:30,149.4,,6421575
2025-09-05 11:02:49.391594+05:30,148.3,,6421575
2025-09-05 11:02:49.913080+05:30,148.4,,6421575
2025-09-05 11:02:50.676561+05:30,147.85,,6421575
2025-09-05 11:02:50.941373+05:30,148.05,,6421575
2025-09-05 11:02:51.162312+05:30,148.1,,6421575
2025-09-05 11:02:51.997986+05:30,148.45,,6421575
2025-09-05 11:02:52.236248+05:30,148.1,,6421575
2025-09-05 11:02:52.679234+05:30,148.0,,6421575
2025-09-05 11:02:52.957462+05:30,148.0,,6421575
2025-09-05 11:02:53.663561+05:30,148.3,,6421575
2025-09-05 11:02:54.461583+05:30,148.25,,6421575
2025-09-05 11:02:54.995052+05:30,148.2,,6421575
2025-09-05 11:02:55.488889+05:30,148.2,,6421575
2025-09-05 11:02:55.956833+05:30,149.1,,6421575
2025-09-05 11:02:56.966313+05:30,148.3,,6421575
2025-09-05 11:02:57.428860+05:30,148.7,,6421575
2025-09-05 11:02:57.946995+05:30,148.7,,6421575
2025-09-05 11:02:58.736891+05:30,149.0,,6421575
2025-09-05 11:02:58.935709+05:30,149.0,,6421575
2025-09-05 11:02:59.390142+05:30,149.0,,6421575
2025-09-05 11:02:59.986349+05:30,149.5,,6421575
2025-09-05 11:03:00.408121+05:30,149.05,,6421575
2025-09-05 11:03:00.916853+05:30,149.0,,6421575
2025-09-05 11:03:01.910281+05:30,149.35,,6421575
2025-09-05 11:03:02.695500+05:30,149.1,,6421575
2025-09-05 11:03:02.993970+05:30,149.5,,6421575
2025-09-05 11:03:03.703046+05:30,148.8,,6421575
2025-09-05 11:03:03.907494+05:30,148.8,,6421575
2025-09-05 11:03:04.159585+05:30,149.25,,6421575
2025-09-05 11:03:04.940812+05:30,149.15,,6421575
2025-09-05 11:03:05.157249+05:30,148.95,,6421575
2025-09-05 11:03:05.690951+05:30,148.85,,6421575
2025-09-05 11:03:05.931169+05:30,149.05,,6421575
2025-09-05 11:03:06.640079+05:30,149.5,,6421575
2025-09-05 11:03:07.437185+05:30,149.65,,6421575
2025-09-05 11:03:07.912201+05:30,149.5,,6421575
2025-09-05 11:03:08.439277+05:30,150.5,,6421575
2025-09-05 11:03:08.908422+05:30,150.05,,6421575
2025-09-05 11:03:09.167374+05:30,150.35,,6421575
2025-09-05 11:03:09.979821+05:30,149.85,,6421575
2025-09-05 11:03:10.155527+05:30,149.3,,6421575
2025-09-05 11:03:10.662274+05:30,149.0,,6421575
2025-09-05 11:03:10.967681+05:30,149.0,,6421575
2025-09-05 11:03:11.663721+05:30,149.35,,6421575
2025-09-05 11:03:11.913050+05:30,149.3,,6421575
2025-09-05 11:03:12.178973+05:30,149.3,,6421575
2025-09-05 11:03:12.961759+05:30,149.15,,6421575
2025-09-05 11:03:13.423517+05:30,151.1,,6421575
2025-09-05 11:03:14.010541+05:30,150.25,,6421575
2025-09-05 11:03:14.912089+05:30,150.45,,6421575
2025-09-05 11:03:15.689087+05:30,150.2,,6421575
2025-09-05 11:03:15.915358+05:30,150.3,,6421575
2025-09-05 11:03:16.635371+05:30,150.2,,6421575
2025-09-05 11:03:16.957031+05:30,150.3,,6421575
2025-09-05 11:03:17.157378+05:30,150.3,,6421575
2025-09-05 11:03:17.946361+05:30,149.95,,6421575
2025-09-05 11:03:18.176919+05:30,150.25,,6421575
2025-09-05 11:03:18.984688+05:30,150.15,,6421575
2025-09-05 11:03:19.978380+05:30,150.3,,6421575
2025-09-05 11:03:20.417239+05:30,150.35,,6421575
2025-09-05 11:03:20.899137+05:30,150.6,,6421575
2025-09-05 11:03:21.686704+05:30,150.65,,6421575
2025-09-05 11:03:21.953291+05:30,150.65,,6421575
2025-09-05 11:03:22.191451+05:30,151.3,,6421575
2025-09-05 11:03:22.916919+05:30,150.85,,6421575
2025-09-05 11:03:23.241350+05:30,150.85,,6421575
2025-09-05 11:03:23.640148+05:30,150.5,,6421575
2025-09-05 11:03:23.890619+05:30,150.5,,6421575
2025-09-05 11:03:24.917942+05:30,150.75,,6421575
2025-09-05 11:03:25.443543+05:30,151.0,,6421575
2025-09-05 11:03:25.945533+05:30,150.9,,6421575
2025-09-05 11:03:26.411433+05:30,150.95,,6421575
2025-09-05 11:03:26.891606+05:30,151.2,,6421575
2025-09-05 11:03:27.916998+05:30,151.1,,6421575
2025-09-05 11:03:28.283829+05:30,151.2,,6421575
2025-09-05 11:03:28.394428+05:30,150.95,,6421575
2025-09-05 11:03:28.912398+05:30,151.35,,6421575
2025-09-05 11:03:29.639952+05:30,151.75,,6421575
2025-09-05 11:03:29.991134+05:30,152.0,,6421575
2025-09-05 11:03:30.197141+05:30,151.9,,6421575
2025-09-05 11:03:30.390082+05:30,151.9,,6421575
2025-09-05 11:03:30.891671+05:30,151.25,,6421575
2025-09-05 11:03:31.227262+05:30,152.0,,6421575
2025-09-05 11:03:31.943139+05:30,152.35,,6421575
2025-09-05 11:03:32.955271+05:30,152.4,,6421575
2025-09-05 11:03:33.390324+05:30,152.85,,6421575
2025-09-05 11:03:33.938697+05:30,152.7,,6421575
2025-09-05 11:03:34.639954+05:30,152.95,,6421575
2025-09-05 11:03:34.955547+05:30,152.95,,6421575
2025-09-05 11:03:35.438953+05:30,152.4,,6421575
2025-09-05 11:03:35.885246+05:30,152.1,,6421575
2025-09-05 11:03:36.389912+05:30,153.1,,6421575
2025-09-05 11:03:36.889932+05:30,153.0,,6421575
2025-09-05 11:03:37.944613+05:30,153.05,,6421575
2025-09-05 11:03:38.635150+05:30,153.05,,6421575
2025-09-05 11:03:38.939422+05:30,153.6,,6421575
2025-09-05 11:03:39.639893+05:30,153.55,,6421575
2025-09-05 11:03:39.928944+05:30,153.25,,6421575
2025-09-05 11:03:40.233717+05:30,153.8,,6421575
2025-09-05 11:03:40.901753+05:30,153.9,,6421575
2025-09-05 11:03:41.219824+05:30,152.75,,6421575
2025-09-05 11:03:41.902942+05:30,152.55,,6421575
2025-09-05 11:03:42.978454+05:30,152.35,,6421575
2025-09-05 11:03:43.710357+05:30,151.8,,6421575
2025-09-05 11:03:44.647878+05:30,150.65,,6510900
2025-09-05 11:03:44.889992+05:30,150.7,,6510900
2025-09-05 11:03:45.453187+05:30,150.85,,6510900
2025-09-05 11:03:45.889948+05:30,151.0,,6510900
2025-09-05 11:03:46.413739+05:30,151.9,,6510900
2025-09-05 11:03:46.941659+05:30,151.85,,6510900
2025-09-05 11:03:47.982223+05:30,153.15,,6510900
2025-09-05 11:03:48.677266+05:30,153.6,,6510900
2025-09-05 11:03:48.911340+05:30,153.55,,6510900
2025-09-05 11:03:49.438807+05:30,153.75,,6510900
2025-09-05 11:03:49.955799+05:30,153.45,,6510900
2025-09-05 11:03:50.389976+05:30,153.7,,6510900
2025-09-05 11:03:50.931422+05:30,153.1,,6510900
2025-09-05 11:03:51.171295+05:30,153.75,,6510900
2025-09-05 11:03:51.907180+05:30,153.6,,6510900
2025-09-05 11:03:52.922159+05:30,154.25,,6510900
2025-09-05 11:03:53.635600+05:30,155.3,,6510900
2025-09-05 11:03:53.943980+05:30,155.4,,6510900
2025-09-05 11:03:54.384995+05:30,154.4,,6510900
2025-09-05 11:03:54.942680+05:30,154.8,,6510900
2025-09-05 11:03:55.155277+05:30,154.8,,6510900
2025-09-05 11:03:55.928033+05:30,154.7,,6510900
2025-09-05 11:03:56.183758+05:30,154.35,,6510900
2025-09-05 11:03:56.890230+05:30,153.75,,6510900
2025-09-05 11:03:57.649428+05:30,154.15,,6510900
2025-09-05 11:03:57.935687+05:30,154.15,,6510900
2025-09-05 11:03:58.447699+05:30,153.55,,6510900
2025-09-05 11:03:58.902814+05:30,153.5,,6510900
2025-09-05 11:03:59.657246+05:30,153.85,,6510900
2025-09-05 11:03:59.964699+05:30,153.7,,6510900
2025-09-05 11:04:00.722187+05:30,153.7,,6510900
2025-09-05 11:04:00.885652+05:30,153.55,,6510900
2025-09-05 11:04:01.146538+05:30,153.55,,6510900
2025-09-05 11:04:01.662136+05:30,153.9,,6510900
2025-09-05 11:04:01.970749+05:30,153.5,,6510900
2025-09-05 11:04:02.635286+05:30,153.0,,6510900
2025-09-05 11:04:02.889830+05:30,153.0,,6510900
2025-09-05 11:04:03.431261+05:30,153.0,,6510900
2025-09-05 11:04:03.906642+05:30,153.15,,6510900
2025-09-05 11:04:04.483209+05:30,152.8,,6510900
2025-09-05 11:04:04.885461+05:30,152.0,,6510900
2025-09-05 11:04:05.143889+05:30,151.95,,6510900
2025-09-05 11:04:05.887568+05:30,151.7,,6510900
2025-09-05 11:04:06.159605+05:30,151.9,,6510900
2025-09-05 11:04:06.653416+05:30,151.35,,6510900
2025-09-05 11:04:06.907230+05:30,151.1,,6510900
2025-09-05 11:04:07.656235+05:30,150.45,,6510900
2025-09-05 11:04:07.956505+05:30,150.7,,6510900
2025-09-05 11:04:08.211732+05:30,151.0,,6510900
2025-09-05 11:04:08.950299+05:30,151.25,,6510900
2025-09-05 11:04:09.463633+05:30,151.0,,6510900
2025-09-05 11:04:09.887327+05:30,150.35,,6510900
2025-09-05 11:04:10.266133+05:30,150.35,,6510900
2025-09-05 11:04:10.885509+05:30,150.3,,6510900
2025-09-05 11:04:11.652899+05:30,150.25,,6510900
2025-09-05 11:04:11.890486+05:30,150.45,,6510900
2025-09-05 11:04:12.413420+05:30,151.55,,6510900
2025-09-05 11:04:12.901676+05:30,151.7,,6510900
2025-09-05 11:04:13.253402+05:30,151.9,,6510900
2025-09-05 11:04:13.890439+05:30,152.0,,6510900
2025-09-05 11:04:14.178131+05:30,151.85,,6510900
2025-09-05 11:04:14.956211+05:30,151.1,,6510900
2025-09-05 11:04:15.640476+05:30,151.5,,6510900
2025-09-05 11:04:15.906696+05:30,151.5,,6510900
2025-09-05 11:04:16.425934+05:30,151.0,,6510900
2025-09-05 11:04:16.899887+05:30,150.8,,6510900
2025-09-05 11:04:17.420248+05:30,151.05,,6510900
2025-09-05 11:04:17.890034+05:30,150.1,,6510900
2025-09-05 11:04:18.913929+05:30,150.15,,6510900
2025-09-05 11:04:19.660625+05:30,149.8,,6510900
2025-09-05 11:04:19.932160+05:30,149.8,,6510900
2025-09-05 11:04:20.646062+05:30,149.5,,6510900
2025-09-05 11:04:20.894911+05:30,149.45,,6510900
2025-09-05 11:04:21.451134+05:30,149.35,,6510900
2025-09-05 11:04:21.889604+05:30,149.35,,6510900
2025-09-05 11:04:22.389696+05:30,148.7,,6510900
2025-09-05 11:04:22.917928+05:30,148.25,,6510900
2025-09-05 11:04:23.207273+05:30,148.1,,6510900
2025-09-05 11:04:23.957651+05:30,148.0,,6510900
2025-09-05 11:04:24.651896+05:30,148.05,,6510900
2025-09-05 11:04:24.947839+05:30,147.5,,6510900
2025-09-05 11:04:25.901300+05:30,146.65,,6510900
2025-09-05 11:04:26.403351+05:30,146.25,,6510900
2025-09-05 11:04:26.936653+05:30,146.9,,6510900
2025-09-05 11:04:27.407893+05:30,146.7,,6510900
2025-09-05 11:04:27.889787+05:30,146.05,,6510900
2025-09-05 11:04:28.929483+05:30,146.3,,6510900
2025-09-05 11:04:29.658069+05:30,146.2,,6510900
2025-09-05 11:04:29.960718+05:30,145.9,,6510900
2025-09-05 11:04:30.425134+05:30,145.9,,6510900
2025-09-05 11:04:31.142986+05:30,138.8,,6510900
2025-09-05 11:04:31.690111+05:30,139.0,,6510900
2025-09-05 11:04:31.916478+05:30,139.65,,6510900
2025-09-05 11:04:32.441484+05:30,139.9,,6510900
2025-09-05 11:04:32.890828+05:30,139.65,,6510900
2025-09-05 11:04:33.206160+05:30,138.95,,6510900
2025-09-05 11:04:33.914514+05:30,139.9,,6510900
2025-09-05 11:04:34.670219+05:30,139.8,,6510900
2025-09-05 11:04:34.895625+05:30,139.4,,6510900
2025-09-05 11:04:35.944141+05:30,141.8,,6510900
2025-09-05 11:04:36.409480+05:30,141.7,,6510900
2025-09-05 11:04:36.934825+05:30,141.55,,6510900
2025-09-05 11:04:37.389544+05:30,141.45,,6510900
2025-09-05 11:04:37.954760+05:30,141.55,,6510900
2025-09-05 11:04:38.187296+05:30,141.5,,6510900
2025-09-05 11:04:38.886828+05:30,141.65,,6510900
2025-09-05 11:04:39.660441+05:30,142.6,,6510900
2025-09-05 11:04:39.899602+05:30,142.65,,6510900
2025-09-05 11:04:40.889869+05:30,142.6,,6510900
2025-09-05 11:04:41.390344+05:30,142.5,,6510900
2025-09-05 11:04:41.931725+05:30,142.35,,6510900
2025-09-05 11:04:42.650263+05:30,142.0,,6510900
2025-09-05 11:04:42.953215+05:30,142.35,,6510900
2025-09-05 11:04:43.246770+05:30,142.2,,6510900
2025-09-05 11:04:43.884611+05:30,142.05,,6510900
2025-09-05 11:04:44.689540+05:30,141.85,,6510900
2025-09-05 11:04:44.960285+05:30,142.15,,6510900
2025-09-05 11:04:45.640177+05:30,143.4,,6510900
2025-09-05 11:04:45.938228+05:30,143.0,,6510900
2025-09-05 11:04:46.444823+05:30,142.6,,6510900
2025-09-05 11:04:46.922499+05:30,143.35,,6510900
2025-09-05 11:04:47.390201+05:30,142.75,,6510900
2025-09-05 11:04:47.930572+05:30,142.8,,6510900
2025-09-05 11:04:48.891325+05:30,142.5,,6510900
2025-09-05 11:04:49.174840+05:30,142.45,,6510900
2025-09-05 11:04:49.710674+05:30,140.7,,6510900
2025-09-05 11:04:49.990794+05:30,141.15,,6510900
2025-09-05 11:04:50.639569+05:30,141.35,,6510900
2025-09-05 11:04:50.889629+05:30,141.65,,6510900
2025-09-05 11:04:51.385589+05:30,141.1,,6510900
2025-09-05 11:04:51.933486+05:30,140.85,,6510900
2025-09-05 11:04:52.464213+05:30,141.2,,6510900
2025-09-05 11:04:52.921952+05:30,140.75,,6510900
2025-09-05 11:04:53.930336+05:30,140.55,,6510900
2025-09-05 11:04:54.639758+05:30,140.3,,6510900
2025-09-05 11:04:54.945627+05:30,140.95,,6510900
2025-09-05 11:04:55.439832+05:30,140.5,,6510900
2025-09-05 11:04:55.918466+05:30,141.5,,6510900
2025-09-05 11:04:56.157508+05:30,141.15,,6510900
2025-09-05 11:04:56.903201+05:30,140.95,,6510900
2025-09-05 11:04:57.233784+05:30,141.1,,6510900
2025-09-05 11:04:57.917453+05:30,140.6,,6510900
2025-09-05 11:04:58.938836+05:30,141.05,,6510900
2025-09-05 11:04:59.433154+05:30,139.75,,6510900
2025-09-05 11:04:59.970875+05:30,139.35,,6510900
2025-09-05 11:05:00.732672+05:30,139.4,,6510900
2025-09-05 11:05:00.907526+05:30,139.9,,6510900
2025-09-05 11:05:01.140631+05:30,140.0,,6510900
2025-09-05 11:05:01.889382+05:30,141.05,,6510900
2025-09-05 11:05:02.640936+05:30,141.05,,6510900
2025-09-05 11:05:02.917136+05:30,140.9,,6510900
2025-09-05 11:05:03.944357+05:30,140.0,,6510900
2025-09-05 11:05:04.653375+05:30,139.8,,6510900
2025-09-05 11:05:04.971885+05:30,139.9,,6510900
2025-09-05 11:05:05.452254+05:30,139.7,,6510900
2025-09-05 11:05:05.888418+05:30,139.7,,6510900
2025-09-05 11:05:06.207454+05:30,139.65,,6510900
2025-09-05 11:05:06.896421+05:30,139.15,,6510900
2025-09-05 11:05:07.139552+05:30,139.0,,6510900
2025-09-05 11:05:07.648738+05:30,139.45,,6510900
2025-09-05 11:05:07.891603+05:30,140.15,,6510900
2025-09-05 11:05:08.960096+05:30,140.9,,6510900
2025-09-05 11:05:09.426796+05:30,140.9,,6510900
2025-09-05 11:05:09.896984+05:30,140.85,,6510900
2025-09-05 11:05:10.435534+05:30,139.7,,6510900
2025-09-05 11:05:10.916368+05:30,139.35,,6510900
2025-09-05 11:05:11.199749+05:30,139.4,,6510900
2025-09-05 11:05:11.924873+05:30,138.3,,6510900
2025-09-05 11:05:12.228040+05:30,138.3,,6510900
2025-09-05 11:05:12.666150+05:30,138.65,,6510900
2025-09-05 11:05:12.960919+05:30,138.55,,6510900
2025-09-05 11:05:13.916813+05:30,138.4,,6510900
2025-09-05 11:05:14.662957+05:30,138.8,,6510900
2025-09-05 11:05:14.946385+05:30,138.2,,6510900
2025-09-05 11:05:15.410118+05:30,138.5,,6510900
2025-09-05 11:05:15.927339+05:30,138.3,,6510900
2025-09-05 11:05:16.196994+05:30,138.3,,6510900
2025-09-05 11:05:16.906372+05:30,138.25,,6510900
2025-09-05 11:05:17.162525+05:30,139.0,,6510900
2025-09-05 11:05:17.692187+05:30,140.7,,6510900
2025-09-05 11:05:17.889525+05:30,140.7,,6510900
2025-09-05 11:05:18.981427+05:30,141.8,,6510900
2025-09-05 11:05:19.492412+05:30,141.55,,6510900
2025-09-05 11:05:19.889314+05:30,142.05,,6510900
2025-09-05 11:05:20.450630+05:30,142.1,,6510900
2025-09-05 11:05:20.998937+05:30,142.2,,6510900
2025-09-05 11:05:21.937952+05:30,143.3,,6510900
2025-09-05 11:05:22.247091+05:30,143.3,,6510900
2025-09-05 11:05:22.681607+05:30,143.6,,6510900
2025-09-05 11:05:22.886672+05:30,143.9,,6510900
2025-09-05 11:05:23.956230+05:30,143.85,,6510900
2025-09-05 11:05:24.205322+05:30,144.1,,6510900
2025-09-05 11:05:24.917197+05:30,143.7,,6510900
2025-09-05 11:05:25.399032+05:30,143.1,,6510900
2025-09-05 11:05:25.904349+05:30,143.5,,6510900
2025-09-05 11:05:26.908787+05:30,144.1,,6510900
2025-09-05 11:05:27.193587+05:30,144.1,,6510900
2025-09-05 11:05:27.753187+05:30,143.45,,6510900
2025-09-05 11:05:27.920864+05:30,143.75,,6510900
2025-09-05 11:05:28.906896+05:30,144.0,,6510900
2025-09-05 11:05:29.439958+05:30,143.7,,6510900
2025-09-05 11:05:29.913220+05:30,144.1,,6510900
2025-09-05 11:05:30.661404+05:30,144.15,,6510900
2025-09-05 11:05:30.942684+05:30,144.6,,6510900
2025-09-05 11:05:31.889583+05:30,144.6,,6510900
2025-09-05 11:05:32.240086+05:30,144.55,,6510900
2025-09-05 11:05:32.656584+05:30,144.5,,6510900
2025-09-05 11:05:32.939195+05:30,144.0,,6510900
2025-09-05 11:05:33.886474+05:30,143.3,,6510900
2025-09-05 11:05:34.180616+05:30,142.5,,6510900
2025-09-05 11:05:34.949073+05:30,142.95,,6510900
2025-09-05 11:05:35.417338+05:30,143.05,,6510900
2025-09-05 11:05:35.954321+05:30,142.9,,6510900
2025-09-05 11:05:36.894498+05:30,143.3,,6510900
2025-09-05 11:05:37.145507+05:30,143.05,,6510900
2025-09-05 11:05:37.700625+05:30,142.95,,6510900
2025-09-05 11:05:37.918785+05:30,143.4,,6510900
2025-09-05 11:05:38.889252+05:30,143.35,,6510900
2025-09-05 11:05:39.162113+05:30,143.05,,6510900
2025-09-05 11:05:39.916068+05:30,143.2,,6510900
2025-09-05 11:05:40.407187+05:30,143.1,,6510900
2025-09-05 11:05:40.894506+05:30,143.55,,6510900
2025-09-05 11:05:41.927350+05:30,143.95,,6510900
2025-09-05 11:05:42.147307+05:30,143.6,,6510900
2025-09-05 11:05:42.710567+05:30,143.75,,6510900
2025-09-05 11:05:42.941363+05:30,143.75,,6510900
2025-09-05 11:05:43.639247+05:30,143.6,,6510900
2025-09-05 11:05:43.966372+05:30,143.55,,6510900
2025-09-05 11:05:44.443053+05:30,144.0,,6510900
2025-09-05 11:05:44.930188+05:30,143.9,,6510900
2025-09-05 11:05:45.435295+05:30,143.45,,6510900
2025-09-05 11:05:45.944095+05:30,143.85,,6510900
2025-09-05 11:05:46.927400+05:30,142.8,,6510900
2025-09-05 11:05:47.192817+05:30,142.85,,6510900
2025-09-05 11:05:47.672652+05:30,142.65,,6510900
2025-09-05 11:05:47.959155+05:30,142.85,,6510900
2025-09-05 11:05:48.672081+05:30,142.45,,6510900
2025-09-05 11:05:48.890464+05:30,142.45,,6510900
2025-09-05 11:05:49.425695+05:30,143.0,,6510900
2025-09-05 11:05:49.889148+05:30,143.35,,6510900
2025-09-05 11:05:50.438417+05:30,143.15,,6510900
2025-09-05 11:05:50.949257+05:30,143.5,,6510900
2025-09-05 11:05:51.928034+05:30,144.1,,6510900
2025-09-05 11:05:52.208489+05:30,144.0,,6510900
2025-09-05 11:05:52.960202+05:30,144.4,,6510900
2025-09-05 11:05:53.669439+05:30,144.75,,6510900
2025-09-05 11:05:53.903432+05:30,144.15,,6510900
2025-09-05 11:05:54.476965+05:30,144.85,,6510900
2025-09-05 11:05:54.889211+05:30,145.0,,6510900
2025-09-05 11:05:55.423111+05:30,144.7,,6510900
2025-09-05 11:05:55.948772+05:30,144.25,,6510900
2025-09-05 11:05:56.959164+05:30,145.05,,6510900
2025-09-05 11:05:57.158805+05:30,145.1,,6510900
2025-09-05 11:05:57.665136+05:30,144.75,,6510900
2025-09-05 11:05:57.971631+05:30,145.15,,6510900
2025-09-05 11:05:58.683741+05:30,145.65,,6510900
2025-09-05 11:05:58.889585+05:30,145.05,,6510900
2025-09-05 11:05:59.666113+05:30,145.25,,6510900
2025-09-05 11:05:59.978543+05:30,144.75,,6510900
2025-09-05 11:06:00.473925+05:30,144.65,,6510900
2025-09-05 11:06:00.704402+05:30,144.65,,6510900
2025-09-05 11:06:00.952242+05:30,144.5,,6510900
2025-09-05 11:06:01.889114+05:30,144.0,,6510900
2025-09-05 11:06:02.213442+05:30,143.8,,6510900
2025-09-05 11:06:02.658079+05:30,144.3,,6510900
2025-09-05 11:06:02.889177+05:30,144.15,,6510900
2025-09-05 11:06:03.667436+05:30,144.25,,6510900
2025-09-05 11:06:03.909272+05:30,144.25,,6510900
2025-09-05 11:06:04.441362+05:30,144.45,,6510900
2025-09-05 11:06:04.893735+05:30,144.5,,6510900
2025-09-05 11:06:05.216129+05:30,144.45,,6510900
2025-09-05 11:06:05.901037+05:30,144.4,,6510900
2025-09-05 11:06:06.223637+05:30,144.4,,6510900
2025-09-05 11:06:06.922337+05:30,144.25,,6510900
2025-09-05 11:06:07.144355+05:30,144.25,,6510900
2025-09-05 11:06:07.639089+05:30,145.2,,6510900
2025-09-05 11:06:07.889276+05:30,144.95,,6510900
2025-09-05 11:06:08.685368+05:30,145.05,,6510900
2025-09-05 11:06:08.889514+05:30,144.75,,6510900
2025-09-05 11:06:09.453669+05:30,145.1,,6510900
2025-09-05 11:06:09.933380+05:30,145.25,,6510900
2025-09-05 11:06:10.169328+05:30,145.4,,6510900
2025-09-05 11:06:10.889577+05:30,145.35,,6510900
2025-09-05 11:06:11.937429+05:30,144.75,,6510900
2025-09-05 11:06:12.185560+05:30,144.85,,6510900
2025-09-05 11:06:12.711113+05:30,143.8,,6510900
2025-09-05 11:06:12.986792+05:30,144.0,,6510900
2025-09-05 11:06:13.643488+05:30,144.0,,6510900
2025-09-05 11:06:13.990784+05:30,143.4,,6510900
2025-09-05 11:06:14.434949+05:30,143.55,,6510900
2025-09-05 11:06:14.915904+05:30,143.05,,6510900
2025-09-05 11:06:15.220150+05:30,142.7,,6510900
2025-09-05 11:06:15.889098+05:30,142.75,,6510900
2025-09-05 11:06:16.971594+05:30,143.25,,6510900
2025-09-05 11:06:17.677432+05:30,143.5,,6510900
2025-09-05 11:06:17.888989+05:30,143.15,,6510900
2025-09-05 11:06:18.466557+05:30,143.65,,6510900
2025-09-05 11:06:18.900600+05:30,143.9,,6510900
2025-09-05 11:06:19.471891+05:30,144.0,,6510900
2025-09-05 11:06:19.954710+05:30,144.0,,6510900
2025-09-05 11:06:20.438535+05:30,144.1,,6510900
2025-09-05 11:06:20.889002+05:30,144.45,,6510900
2025-09-05 11:06:21.959042+05:30,143.6,,6510900
2025-09-05 11:06:22.438893+05:30,143.6,,6510900
2025-09-05 11:06:22.888948+05:30,143.7,,6510900
2025-09-05 11:06:23.411418+05:30,143.3,,6510900
2025-09-05 11:06:23.889114+05:30,143.4,,6510900
2025-09-05 11:06:24.952466+05:30,143.1,,6510900
2025-09-05 11:06:25.190753+05:30,142.75,,6510900
2025-09-05 11:06:25.639253+05:30,142.95,,6510900
2025-09-05 11:06:25.967302+05:30,142.9,,6510900
2025-09-05 11:06:26.657251+05:30,142.35,,6510900
2025-09-05 11:06:27.004807+05:30,141.05,,6510900
2025-09-05 11:06:27.455876+05:30,141.3,,6510900
2025-09-05 11:06:27.906124+05:30,140.65,,6510900
2025-09-05 11:06:28.411294+05:30,141.35,,6510900
2025-09-05 11:06:28.919146+05:30,141.0,,6510900
2025-09-05 11:06:29.948505+05:30,140.6,,6510900
2025-09-05 11:06:30.512205+05:30,139.75,,6510900
2025-09-05 11:06:30.992181+05:30,139.5,,6510900
2025-09-05 11:06:31.941675+05:30,140.05,,6510900
2025-09-05 11:06:32.150760+05:30,139.75,,6510900
2025-09-05 11:06:32.898318+05:30,140.65,,6510900
2025-09-05 11:06:33.641114+05:30,141.15,,6510900
2025-09-05 11:06:33.889237+05:30,141.65,,6510900
2025-09-05 11:06:34.917404+05:30,141.35,,6510900
2025-09-05 11:06:35.151192+05:30,141.2,,6510900
2025-09-05 11:06:35.660663+05:30,141.3,,6510900
2025-09-05 11:06:35.910945+05:30,140.65,,6510900
2025-09-05 11:06:36.930875+05:30,140.6,,6510900
2025-09-05 11:06:37.449473+05:30,140.7,,6510900
2025-09-05 11:06:37.912738+05:30,141.4,,6510900
2025-09-05 11:06:38.643908+05:30,141.45,,6510900
2025-09-05 11:06:38.934898+05:30,141.15,,6510900
2025-09-05 11:06:39.929082+05:30,141.65,,6510900
2025-09-05 11:06:40.396072+05:30,141.7,,6510900
2025-09-05 11:06:40.639274+05:30,141.25,,6510900
2025-09-05 11:06:40.925439+05:30,141.1,,6510900
2025-09-05 11:06:42.028917+05:30,141.25,,6510900
2025-09-05 11:06:42.425522+05:30,141.7,,6510900
2025-09-05 11:06:42.910702+05:30,141.4,,6510900
2025-09-05 11:06:43.656124+05:30,141.6,,6510900
2025-09-05 11:06:43.963869+05:30,141.4,,6510900
2025-09-05 11:06:44.970395+05:30,141.7,,6441225
2025-09-05 11:06:45.405622+05:30,141.75,,6441225
2025-09-05 11:06:45.634426+05:30,141.7,,6441225
2025-09-05 11:06:45.971124+05:30,141.9,,6441225
2025-09-05 11:06:46.951445+05:30,141.45,,6441225
2025-09-05 11:06:47.405140+05:30,141.6,,6441225
2025-09-05 11:06:47.916473+05:30,142.4,,6441225
2025-09-05 11:06:48.453196+05:30,142.2,,6441225
2025-09-05 11:06:48.951230+05:30,142.65,,6441225
2025-09-05 11:06:49.900889+05:30,142.3,,6441225
2025-09-05 11:06:50.231044+05:30,142.3,,6441225
2025-09-05 11:06:50.409105+05:30,142.4,,6441225
2025-09-05 11:06:50.906995+05:30,142.25,,6441225
2025-09-05 11:06:51.979504+05:30,142.35,,6441225
2025-09-05 11:06:52.427114+05:30,142.15,,6441225
2025-09-05 11:06:52.952196+05:30,142.15,,6441225
2025-09-05 11:06:53.460118+05:30,141.8,,6441225
2025-09-05 11:06:53.682161+05:30,142.0,,6441225
2025-09-05 11:06:53.900924+05:30,141.7,,6441225
2025-09-05 11:06:54.939281+05:30,141.1,,6441225
2025-09-05 11:06:55.249649+05:30,141.45,,6441225
2025-09-05 11:06:55.888798+05:30,141.75,,6441225
2025-09-05 11:06:56.689285+05:30,141.4,,6441225
2025-09-05 11:06:56.910656+05:30,141.85,,6441225
2025-09-05 11:06:57.949138+05:30,141.75,,6441225
2025-09-05 11:06:58.391369+05:30,141.8,,6441225
2025-09-05 11:06:58.638669+05:30,141.8,,6441225
2025-09-05 11:06:58.960050+05:30,141.9,,6441225
2025-09-05 11:06:59.889412+05:30,142.95,,6441225
2025-09-05 11:07:00.189609+05:30,142.8,,6441225
2025-09-05 11:07:00.413143+05:30,142.8,,6441225
2025-09-05 11:07:00.888898+05:30,142.8,,6441225
2025-09-05 11:07:01.706866+05:30,143.5,,6441225
2025-09-05 11:07:01.917784+05:30,142.4,,6441225
2025-09-05 11:07:02.889032+05:30,142.5,,6441225
2025-09-05 11:07:03.229351+05:30,142.55,,6441225
2025-09-05 11:07:03.638700+05:30,142.6,,6441225
2025-09-05 11:07:03.894401+05:30,142.55,,6441225
2025-09-05 11:07:04.916041+05:30,142.05,,6441225
2025-09-05 11:07:05.138874+05:30,141.85,,6441225
2025-09-05 11:07:05.933285+05:30,142.15,,6441225
2025-09-05 11:07:06.416890+05:30,142.3,,6441225
2025-09-05 11:07:06.697451+05:30,141.95,,6441225
2025-09-05 11:07:06.888698+05:30,141.9,,6441225
2025-09-05 11:07:07.889073+05:30,141.7,,6441225
2025-09-05 11:07:08.178499+05:30,141.7,,6441225
2025-09-05 11:07:08.405490+05:30,141.35,,6441225
2025-09-05 11:07:08.915548+05:30,141.95,,6441225
2025-09-05 11:07:09.760827+05:30,141.7,,6441225
2025-09-05 11:07:09.930079+05:30,141.7,,6441225
2025-09-05 11:07:10.919726+05:30,141.35,,6441225
2025-09-05 11:07:11.194125+05:30,141.45,,6441225
2025-09-05 11:07:11.682132+05:30,141.45,,6441225
2025-09-05 11:07:11.889085+05:30,141.0,,6441225
2025-09-05 11:07:12.989317+05:30,141.45,,6441225
2025-09-05 11:07:13.160297+05:30,140.9,,6441225
2025-09-05 11:07:13.888738+05:30,140.3,,6441225
2025-09-05 11:07:14.690933+05:30,140.1,,6441225
2025-09-05 11:07:14.912372+05:30,140.1,,6441225
2025-09-05 11:07:15.910505+05:30,139.7,,6441225
2025-09-05 11:07:16.165884+05:30,139.9,,6441225
2025-09-05 11:07:16.915625+05:30,139.6,,6441225
2025-09-05 11:07:17.681431+05:30,139.45,,6441225
2025-09-05 11:07:17.884536+05:30,139.6,,6441225
2025-09-05 11:07:18.212572+05:30,140.2,,6441225
2025-09-05 11:07:18.907208+05:30,139.85,,6441225
2025-09-05 11:07:19.202198+05:30,139.8,,6441225
2025-09-05 11:07:19.640778+05:30,139.75,,6441225
2025-09-05 11:07:19.915559+05:30,139.9,,6441225
2025-09-05 11:07:20.943290+05:30,139.85,,6441225
2025-09-05 11:07:21.241287+05:30,139.8,,6441225
2025-09-05 11:07:21.976943+05:30,140.85,,6441225
2025-09-05 11:07:22.699271+05:30,141.3,,6441225
2025-09-05 11:07:22.888633+05:30,141.4,,6441225
2025-09-05 11:07:23.888609+05:30,141.45,,6441225
2025-09-05 11:07:24.192727+05:30,141.35,,6441225
2025-09-05 11:07:24.429853+05:30,141.0,,6441225
2025-09-05 11:07:24.993131+05:30,141.25,,6441225
2025-09-05 11:07:25.210941+05:30,141.25,,6441225
2025-09-05 11:07:25.959843+05:30,141.3,,6441225
2025-09-05 11:07:26.211942+05:30,141.15,,6441225
2025-09-05 11:07:26.954741+05:30,141.35,,6441225
2025-09-05 11:07:27.444202+05:30,141.2,,6441225
2025-09-05 11:07:27.660567+05:30,140.6,,6441225
2025-09-05 11:07:27.914293+05:30,140.55,,6441225
2025-09-05 11:07:28.888650+05:30,140.95,,6441225
2025-09-05 11:07:29.638460+05:30,140.35,,6441225
2025-09-05 11:07:29.954182+05:30,140.15,,6441225
2025-09-05 11:07:30.675284+05:30,139.9,,6441225
2025-09-05 11:07:30.917152+05:30,140.45,,6441225
2025-09-05 11:07:31.169019+05:30,140.5,,6441225
2025-09-05 11:07:31.928095+05:30,142.15,,6441225
2025-09-05 11:07:32.411702+05:30,141.95,,6441225
2025-09-05 11:07:32.655324+05:30,141.95,,6441225
2025-09-05 11:07:32.906187+05:30,142.0,,6441225
2025-09-05 11:07:33.888624+05:30,142.55,,6441225
2025-09-05 11:07:34.266934+05:30,142.9,,6441225
2025-09-05 11:07:34.920421+05:30,142.95,,6441225
2025-09-05 11:07:35.163873+05:30,142.95,,6441225
2025-09-05 11:07:35.712608+05:30,143.65,,6441225
2025-09-05 11:07:35.888714+05:30,143.4,,6441225
2025-09-05 11:07:36.227715+05:30,143.2,,6441225
2025-09-05 11:07:36.911383+05:30,142.55,,6441225
2025-09-05 11:07:37.389680+05:30,142.65,,6441225
2025-09-05 11:07:37.671675+05:30,142.5,,6441225
2025-09-05 11:07:37.949790+05:30,142.5,,6441225
2025-09-05 11:07:38.912159+05:30,142.35,,6441225
2025-09-05 11:07:39.435975+05:30,142.4,,6441225
2025-09-05 11:07:39.945110+05:30,141.5,,6441225
2025-09-05 11:07:40.673989+05:30,141.4,,6441225
2025-09-05 11:07:40.922082+05:30,141.95,,6441225
2025-09-05 11:07:41.964776+05:30,142.0,,6441225
2025-09-05 11:07:42.460926+05:30,141.8,,6441225
2025-09-05 11:07:42.906474+05:30,141.85,,6441225
2025-09-05 11:07:43.958586+05:30,142.15,,6441225
2025-09-05 11:07:44.172464+05:30,142.35,,6441225
2025-09-05 11:07:44.911076+05:30,142.4,,6441225
2025-09-05 11:07:45.471663+05:30,142.3,,6441225
2025-09-05 11:07:45.900363+05:30,142.35,,6441225
2025-09-05 11:07:46.971552+05:30,142.0,,6441225
2025-09-05 11:07:47.152803+05:30,142.0,,6441225
2025-09-05 11:07:47.421691+05:30,142.2,,6441225
2025-09-05 11:07:47.927474+05:30,142.2,,6441225
2025-09-05 11:07:48.634610+05:30,142.3,,6441225
2025-09-05 11:07:48.917285+05:30,142.55,,6441225
2025-09-05 11:07:49.223214+05:30,142.55,,6441225
2025-09-05 11:07:49.905488+05:30,142.65,,6441225
2025-09-05 11:07:50.432074+05:30,143.0,,6441225
2025-09-05 11:07:50.647347+05:30,143.2,,6441225
2025-09-05 11:07:50.888488+05:30,143.6,,6441225
2025-09-05 11:07:51.197750+05:30,143.6,,6441225
2025-09-05 11:07:51.943192+05:30,144.3,,6441225
2025-09-05 11:07:52.219774+05:30,144.3,,6441225
2025-09-05 11:07:52.405300+05:30,144.05,,6441225
2025-09-05 11:07:52.888408+05:30,144.4,,6441225
2025-09-05 11:07:53.211985+05:30,144.4,,6441225
2025-09-05 11:07:53.923673+05:30,144.05,,6441225
2025-09-05 11:07:54.271696+05:30,143.55,,6441225
2025-09-05 11:07:54.923889+05:30,143.55,,6441225
2025-09-05 11:07:55.152328+05:30,143.1,,6441225
2025-09-05 11:07:55.661140+05:30,143.25,,6441225
2025-09-05 11:07:55.986797+05:30,143.25,,6441225
2025-09-05 11:07:56.138470+05:30,143.25,,6441225
2025-09-05 11:07:56.938879+05:30,143.4,,6441225
2025-09-05 11:07:57.431635+05:30,142.5,,6441225
2025-09-05 11:07:57.910352+05:30,142.75,,6441225
2025-09-05 11:07:58.434829+05:30,142.85,,6441225
2025-09-05 11:07:58.916390+05:30,142.85,,6441225
2025-09-05 11:07:59.211761+05:30,142.85,,6441225
2025-09-05 11:07:59.888449+05:30,142.9,,6441225
2025-09-05 11:08:00.188849+05:30,142.65,,6441225
2025-09-05 11:08:00.705385+05:30,142.45,,6441225
2025-09-05 11:08:00.891500+05:30,143.25,,6441225
2025-09-05 11:08:01.676593+05:30,145.5,,6441225
2025-09-05 11:08:01.950986+05:30,145.25,,6441225
2025-09-05 11:08:02.181094+05:30,145.05,,6441225
2025-09-05 11:08:02.888427+05:30,145.15,,6441225
2025-09-05 11:08:03.412410+05:30,145.0,,6441225
2025-09-05 11:08:04.138862+05:30,148.35,,6441225
2025-09-05 11:08:04.668189+05:30,148.35,,6441225
2025-09-05 11:08:04.939394+05:30,148.15,,6441225
2025-09-05 11:08:05.161444+05:30,147.65,,6441225
2025-09-05 11:08:05.638485+05:30,147.75,,6441225
2025-09-05 11:08:05.898412+05:30,147.7,,6441225
2025-09-05 11:08:06.173362+05:30,147.7,,6441225
2025-09-05 11:08:06.644563+05:30,148.3,,6441225
2025-09-05 11:08:06.934630+05:30,148.5,,6441225
2025-09-05 11:08:07.175977+05:30,149.2,,6441225
2025-09-05 11:08:07.906127+05:30,148.5,,6441225
2025-09-05 11:08:08.644403+05:30,148.55,,6441225
2025-09-05 11:08:08.883898+05:30,148.75,,6441225
2025-09-05 11:08:09.227336+05:30,148.75,,6441225
2025-09-05 11:08:09.912102+05:30,148.55,,6441225
2025-09-05 11:08:10.216752+05:30,148.7,,6441225
2025-09-05 11:08:10.638814+05:30,148.7,,6441225
2025-09-05 11:08:10.888379+05:30,148.1,,6441225
2025-09-05 11:08:11.687825+05:30,148.55,,6441225
2025-09-05 11:08:11.893533+05:30,148.25,,6441225
2025-09-05 11:08:12.183807+05:30,148.45,,6441225
2025-09-05 11:08:12.929471+05:30,148.15,,6441225
2025-09-05 11:08:13.160676+05:30,148.05,,6441225
2025-09-05 11:08:13.921395+05:30,148.5,,6441225
2025-09-05 11:08:14.921621+05:30,147.85,,6441225
2025-09-05 11:08:15.195112+05:30,148.2,,6441225
2025-09-05 11:08:15.755156+05:30,148.05,,6441225
2025-09-05 11:08:15.978996+05:30,147.7,,6441225
2025-09-05 11:08:16.638184+05:30,147.6,,6441225
2025-09-05 11:08:16.958484+05:30,147.7,,6441225
2025-09-05 11:08:17.931881+05:30,148.35,,6441225
2025-09-05 11:08:18.186540+05:30,147.85,,6441225
2025-09-05 11:08:18.888248+05:30,148.0,,6441225
2025-09-05 11:08:19.942897+05:30,148.1,,6441225
2025-09-05 11:08:20.492885+05:30,147.9,,6441225
2025-09-05 11:08:21.201776+05:30,148.45,,6441225
2025-09-05 11:08:21.690207+05:30,148.35,,6441225
2025-09-05 11:08:21.906263+05:30,147.85,,6441225
2025-09-05 11:08:22.926650+05:30,148.35,,6441225
2025-09-05 11:08:23.190330+05:30,148.1,,6441225
2025-09-05 11:08:23.909997+05:30,147.9,,6441225
2025-09-05 11:08:24.910337+05:30,148.75,,6441225
2025-09-05 11:08:25.452654+05:30,148.8,,6441225
2025-09-05 11:08:25.963528+05:30,148.8,,6441225
2025-09-05 11:08:26.270584+05:30,148.8,,6441225
2025-09-05 11:08:26.410189+05:30,148.65,,6441225
2025-09-05 11:08:27.159267+05:30,148.9,,6441225
2025-09-05 11:08:28.143884+05:30,148.1,,6441225
2025-09-05 11:08:28.916420+05:30,148.25,,6441225
2025-09-05 11:08:29.890321+05:30,147.75,,6441225
2025-09-05 11:08:30.660133+05:30,148.05,,6441225
2025-09-05 11:08:31.168552+05:30,148.45,,6441225
2025-09-05 11:08:31.413704+05:30,148.05,,6441225
2025-09-05 11:08:32.196902+05:30,147.9,,6441225
2025-09-05 11:08:33.143480+05:30,148.65,,6441225
2025-09-05 11:08:33.888165+05:30,148.85,,6441225
2025-09-05 11:08:35.155164+05:30,149.0,,6441225
2025-09-05 11:08:35.434172+05:30,148.65,,6441225
2025-09-05 11:08:36.199379+05:30,149.0,,6441225
2025-09-05 11:08:36.661586+05:30,148.25,,6441225
2025-09-05 11:08:37.318965+05:30,149.3,,6441225
2025-09-05 11:08:38.155095+05:30,149.25,,6441225
2025-09-05 11:08:38.898945+05:30,148.9,,6441225
2025-09-05 11:08:40.257306+05:30,148.3,,6441225
2025-09-05 11:08:40.655914+05:30,148.45,,6441225
2025-09-05 11:08:41.193949+05:30,148.35,,6441225
2025-09-05 11:08:41.687353+05:30,148.5,,6441225
2025-09-05 11:08:42.200575+05:30,148.75,,6441225
2025-09-05 11:08:43.186927+05:30,148.2,,6441225
2025-09-05 11:08:43.661462+05:30,148.8,,6441225
2025-09-05 11:08:44.241230+05:30,148.65,,6441225
2025-09-05 11:08:44.888065+05:30,148.3,,6441225
2025-09-05 11:08:45.160038+05:30,148.45,,6441225
2025-09-05 11:08:46.161342+05:30,146.7,,6441225
2025-09-05 11:08:46.638082+05:30,146.4,,6441225
2025-09-05 11:08:46.888061+05:30,146.15,,6441225
2025-09-05 11:08:48.240283+05:30,146.25,,6441225
2025-09-05 11:08:48.666822+05:30,146.35,,6441225
2025-09-05 11:08:49.138762+05:30,146.3,,6441225
2025-09-05 11:08:49.883556+05:30,146.0,,6441225
2025-09-05 11:08:50.160709+05:30,145.75,,6441225
2025-09-05 11:08:51.186271+05:30,146.0,,6441225
2025-09-05 11:08:51.660978+05:30,146.25,,6441225
2025-09-05 11:08:51.888418+05:30,145.85,,6441225
2025-09-05 11:08:52.223208+05:30,145.85,,6441225
2025-09-05 11:08:53.182860+05:30,145.8,,6441225
2025-09-05 11:08:53.388242+05:30,145.55,,6441225
2025-09-05 11:08:53.655282+05:30,144.7,,6441225
2025-09-05 11:08:54.200349+05:30,144.95,,6441225
2025-09-05 11:08:54.888048+05:30,144.7,,6441225
2025-09-05 11:08:55.160416+05:30,145.1,,6441225
2025-09-05 11:08:56.190911+05:30,144.85,,6441225
2025-09-05 11:08:56.438331+05:30,144.5,,6441225
2025-09-05 11:08:56.909862+05:30,144.4,,6441225
2025-09-05 11:08:57.150608+05:30,144.4,,6441225
2025-09-05 11:08:58.210085+05:30,144.15,,6441225
2025-09-05 11:08:58.638098+05:30,144.15,,6441225
2025-09-05 11:08:59.213681+05:30,143.65,,6441225
2025-09-05 11:08:59.888038+05:30,143.6,,6441225
2025-09-05 11:09:00.191439+05:30,143.6,,6441225
2025-09-05 11:09:00.433734+05:30,143.7,,6441225
2025-09-05 11:09:01.152816+05:30,143.25,,6441225
2025-09-05 11:09:01.460197+05:30,143.35,,6441225
2025-09-05 11:09:01.936607+05:30,143.0,,6441225
2025-09-05 11:09:02.156055+05:30,143.15,,6441225
2025-09-05 11:09:03.200055+05:30,143.7,,6441225
2025-09-05 11:09:03.659923+05:30,143.9,,6441225
2025-09-05 11:09:04.268487+05:30,143.8,,6441225
2025-09-05 11:09:04.888059+05:30,143.75,,6441225
2025-09-05 11:09:05.411374+05:30,143.6,,6441225
2025-09-05 11:09:06.155565+05:30,144.55,,6441225
2025-09-05 11:09:06.416370+05:30,144.7,,6441225
2025-09-05 11:09:06.907248+05:30,144.25,,6441225
2025-09-05 11:09:07.194324+05:30,144.15,,6441225
2025-09-05 11:09:08.235812+05:30,143.6,,6441225
2025-09-05 11:09:08.660469+05:30,143.25,,6441225
2025-09-05 11:09:09.224670+05:30,143.15,,6441225
2025-09-05 11:09:09.909887+05:30,143.0,,6441225
2025-09-05 11:09:10.171313+05:30,143.15,,6441225
2025-09-05 11:09:11.207651+05:30,143.3,,6441225
2025-09-05 11:09:11.433151+05:30,143.0,,6441225
2025-09-05 11:09:11.938823+05:30,142.95,,6441225
2025-09-05 11:09:12.216357+05:30,142.85,,6441225
2025-09-05 11:09:13.231526+05:30,143.25,,6441225
2025-09-05 11:09:13.454343+05:30,143.1,,6441225
2025-09-05 11:09:14.148396+05:30,142.95,,6441225
2025-09-05 11:09:14.910607+05:30,143.3,,6441225
2025-09-05 11:09:15.167713+05:30,144.0,,6441225
2025-09-05 11:09:16.206111+05:30,144.25,,6441225
2025-09-05 11:09:16.641728+05:30,144.75,,6441225
2025-09-05 11:09:17.137993+05:30,144.85,,6441225
2025-09-05 11:09:18.203346+05:30,146.3,,6441225
2025-09-05 11:09:18.472452+05:30,147.05,,6441225
2025-09-05 11:09:19.263096+05:30,147.1,,6441225
2025-09-05 11:09:19.638027+05:30,147.85,,6441225
2025-09-05 11:09:20.137975+05:30,148.25,,6441225
2025-09-05 11:09:21.219279+05:30,148.7,,6441225
2025-09-05 11:09:21.539777+05:30,149.0,,6441225
2025-09-05 11:09:21.634272+05:30,149.3,,6441225
2025-09-05 11:09:22.154988+05:30,148.75,,6441225
2025-09-05 11:09:23.156251+05:30,148.6,,6441225
2025-09-05 11:09:23.637754+05:30,148.55,,6441225
2025-09-05 11:09:24.176813+05:30,148.7,,6441225
2025-09-05 11:09:24.657516+05:30,148.5,,6441225
2025-09-05 11:09:25.151481+05:30,148.25,,6441225
2025-09-05 11:09:26.211470+05:30,148.05,,6441225
2025-09-05 11:09:26.633082+05:30,148.3,,6441225
2025-09-05 11:09:27.226803+05:30,148.65,,6441225
2025-09-05 11:09:28.160414+05:30,149.05,,6441225
2025-09-05 11:09:28.654504+05:30,149.5,,6441225
2025-09-05 11:09:29.241161+05:30,149.05,,6441225
2025-09-05 11:09:29.637860+05:30,148.8,,6441225
2025-09-05 11:09:30.161342+05:30,148.45,,6441225
2025-09-05 11:09:30.431283+05:30,148.45,,6441225
2025-09-05 11:09:31.151402+05:30,148.2,,6441225
2025-09-05 11:09:31.902714+05:30,148.65,,6441225
2025-09-05 11:09:32.183718+05:30,148.0,,6441225
2025-09-05 11:09:33.235248+05:30,147.05,,6441225
2025-09-05 11:09:33.475527+05:30,147.35,,6441225
2025-09-05 11:09:34.148061+05:30,147.0,,6441225
2025-09-05 11:09:34.637757+05:30,147.35,,6441225
2025-09-05 11:09:35.188583+05:30,146.9,,6441225
2025-09-05 11:09:36.137825+05:30,147.35,,6441225
2025-09-05 11:09:36.467531+05:30,146.75,,6441225
2025-09-05 11:09:36.638515+05:30,146.9,,6441225
2025-09-05 11:09:37.214891+05:30,146.9,,6441225
2025-09-05 11:09:38.138801+05:30,147.55,,6441225
2025-09-05 11:09:38.443917+05:30,147.85,,6441225
2025-09-05 11:09:39.218429+05:30,148.2,,6441225
2025-09-05 11:09:39.660117+05:30,147.7,,6441225
2025-09-05 11:09:40.224247+05:30,147.6,,6441225
2025-09-05 11:09:41.193750+05:30,148.5,,6441225
2025-09-05 11:09:41.436099+05:30,148.45,,6441225
2025-09-05 11:09:41.677510+05:30,148.65,,6441225
2025-09-05 11:09:42.222856+05:30,148.2,,6441225
2025-09-05 11:09:42.887896+05:30,148.55,,6441225
2025-09-05 11:09:43.137962+05:30,148.6,,6441225
2025-09-05 11:09:43.448920+05:30,148.6,,6441225
2025-09-05 11:09:44.189659+05:30,148.35,,6441225
2025-09-05 11:09:44.461629+05:30,148.6,,6441225
2025-09-05 11:09:44.901408+05:30,148.7,,6441225
2025-09-05 11:09:45.164165+05:30,148.6,,6491175
2025-09-05 11:09:46.137797+05:30,148.9,,6491175
2025-09-05 11:09:46.458120+05:30,149.0,,6491175
2025-09-05 11:09:47.137391+05:30,149.65,,6491175
2025-09-05 11:09:47.887748+05:30,148.9,,6491175
2025-09-05 11:09:48.137784+05:30,148.65,,6491175
2025-09-05 11:09:49.165098+05:30,149.3,,6491175
2025-09-05 11:09:49.465574+05:30,149.15,,6491175
2025-09-05 11:09:49.887711+05:30,149.0,,6491175
2025-09-05 11:09:50.196121+05:30,148.95,,6491175
2025-09-05 11:09:51.155366+05:30,149.8,,6491175
2025-09-05 11:09:51.680224+05:30,149.85,,6491175
2025-09-05 11:09:52.201888+05:30,150.1,,6491175
2025-09-05 11:09:52.637631+05:30,150.7,,6491175
2025-09-05 11:09:53.137737+05:30,151.2,,6491175
2025-09-05 11:09:54.166030+05:30,152.25,,6491175
2025-09-05 11:09:54.467727+05:30,152.45,,6491175
2025-09-05 11:09:54.887661+05:30,151.6,,6491175
2025-09-05 11:09:55.139504+05:30,151.35,,6491175
2025-09-05 11:09:56.137798+05:30,152.1,,6491175
2025-09-05 11:09:56.387860+05:30,151.95,,6491175
2025-09-05 11:09:57.208311+05:30,152.0,,6491175
2025-09-05 11:09:57.661220+05:30,151.4,,6491175
2025-09-05 11:09:58.164931+05:30,151.65,,6491175
2025-09-05 11:09:59.271505+05:30,151.5,,6491175
2025-09-05 11:09:59.404652+05:30,151.45,,6491175
2025-09-05 11:09:59.915447+05:30,151.25,,6491175
2025-09-05 11:10:00.137826+05:30,151.2,,6491175
2025-09-05 11:10:00.699261+05:30,151.2,,6491175
2025-09-05 11:10:01.139145+05:30,150.7,,6491175
2025-09-05 11:10:01.493542+05:30,151.1,,6491175
2025-09-05 11:10:02.134642+05:30,151.05,,6491175
2025-09-05 11:10:02.671269+05:30,150.75,,6491175
2025-09-05 11:10:03.230125+05:30,150.7,,6491175
2025-09-05 11:10:04.161491+05:30,151.35,,6491175
2025-09-05 11:10:04.691372+05:30,151.3,,6491175
2025-09-05 11:10:04.904890+05:30,150.9,,6491175
2025-09-05 11:10:05.138451+05:30,150.9,,6491175
2025-09-05 11:10:06.233353+05:30,150.75,,6491175
2025-09-05 11:10:06.682073+05:30,151.1,,6491175
2025-09-05 11:10:07.198307+05:30,151.05,,6491175
2025-09-05 11:10:07.700588+05:30,152.0,,6491175
2025-09-05 11:10:08.137770+05:30,151.95,,6491175
2025-09-05 11:10:09.137935+05:30,152.7,,6491175
2025-09-05 11:10:09.887682+05:30,153.2,,6491175
2025-09-05 11:10:10.137659+05:30,153.3,,6491175
2025-09-05 11:10:11.165439+05:30,153.4,,6491175
2025-09-05 11:10:11.634450+05:30,153.4,,6491175
2025-09-05 11:10:12.212099+05:30,153.1,,6491175
2025-09-05 11:10:12.637563+05:30,153.45,,6491175
2025-09-05 11:10:13.137614+05:30,153.25,,6491175
2025-09-05 11:10:14.243868+05:30,152.45,,6491175
2025-09-05 11:10:14.422568+05:30,152.3,,6491175
2025-09-05 11:10:14.887572+05:30,152.4,,6491175
2025-09-05 11:10:15.166964+05:30,152.7,,6491175
2025-09-05 11:10:15.920599+05:30,152.75,,6491175
2025-09-05 11:10:16.137620+05:30,152.7,,6491175
2025-09-05 11:10:16.648088+05:30,152.7,,6491175
2025-09-05 11:10:17.203456+05:30,153.3,,6491175
2025-09-05 11:10:17.460691+05:30,153.3,,6491175
2025-09-05 11:10:18.225020+05:30,153.25,,6491175
2025-09-05 11:10:19.185811+05:30,153.25,,6491175
2025-09-05 11:10:19.414803+05:30,153.65,,6491175
2025-09-05 11:10:19.916066+05:30,153.95,,6491175
2025-09-05 11:10:20.173567+05:30,153.3,,6491175
2025-09-05 11:10:20.947077+05:30,153.0,,6491175
2025-09-05 11:10:21.154978+05:30,153.15,,6491175
2025-09-05 11:10:21.698270+05:30,153.35,,6491175
2025-09-05 11:10:22.134717+05:30,152.1,,6491175
2025-09-05 11:10:22.466315+05:30,152.5,,6491175
2025-09-05 11:10:23.212626+05:30,152.6,,6491175
2025-09-05 11:10:24.210504+05:30,152.7,,6491175
2025-09-05 11:10:24.899453+05:30,152.7,,6491175
2025-09-05 11:10:25.192806+05:30,153.0,,6491175
2025-09-05 11:10:25.637651+05:30,153.0,,6491175
2025-09-05 11:10:26.173640+05:30,152.6,,6491175
2025-09-05 11:10:26.443685+05:30,152.95,,6491175
2025-09-05 11:10:27.182281+05:30,153.6,,6491175
2025-09-05 11:10:27.391424+05:30,153.35,,6491175
2025-09-05 11:10:28.179351+05:30,153.3,,6491175
2025-09-05 11:10:29.137692+05:30,153.2,,6491175
2025-09-05 11:10:29.914543+05:30,153.0,,6491175
2025-09-05 11:10:30.138260+05:30,152.95,,6491175
2025-09-05 11:10:30.650382+05:30,152.95,,6491175
2025-09-05 11:10:31.164781+05:30,153.05,,6491175
2025-09-05 11:10:31.937194+05:30,152.25,,6491175
2025-09-05 11:10:33.446154+05:30,151.4,,6491175
2025-09-05 11:10:36.164421+05:30,151.2,,6491175
2025-09-05 11:10:36.659346+05:30,150.45,,6491175
2025-09-05 11:10:37.725194+05:30,150.75,,6491175
2025-09-05 11:10:38.182476+05:30,150.55,,6491175
2025-09-05 11:10:39.197678+05:30,150.55,,6491175
2025-09-05 11:10:39.968607+05:30,151.3,,6491175
2025-09-05 11:10:40.211077+05:30,151.3,,6491175
2025-09-05 11:10:40.752259+05:30,150.85,,6491175
2025-09-05 11:10:41.159409+05:30,151.0,,6491175
2025-09-05 11:10:41.476105+05:30,151.15,,6491175
2025-09-05 11:10:42.235477+05:30,150.5,,6491175
2025-09-05 11:10:42.676280+05:30,150.6,,6491175
2025-09-05 11:10:43.166921+05:30,150.6,,6491175
2025-09-05 11:10:44.221074+05:30,149.4,,6491175
2025-09-05 11:10:44.642550+05:30,149.75,,6491175
2025-09-05 11:10:45.245198+05:30,149.65,,6491175
2025-09-05 11:10:45.910686+05:30,149.8,,6491175
2025-09-05 11:10:46.137423+05:30,149.8,,6491175
2025-09-05 11:10:46.460690+05:30,149.55,,6491175
2025-09-05 11:10:47.161494+05:30,150.05,,6491175
2025-09-05 11:10:47.650636+05:30,150.25,,6491175
2025-09-05 11:10:48.154721+05:30,150.5,,6491175
2025-09-05 11:10:49.155702+05:30,150.45,,6491175
2025-09-05 11:10:49.714782+05:30,150.4,,6491175
2025-09-05 11:10:50.213331+05:30,150.1,,6491175
2025-09-05 11:10:50.637495+05:30,150.45,,6491175
2025-09-05 11:10:51.148359+05:30,150.35,,6491175
2025-09-05 11:10:52.172465+05:30,150.45,,6491175
2025-09-05 11:10:52.898977+05:30,150.45,,6491175
2025-09-05 11:10:53.143728+05:30,150.25,,6491175
2025-09-05 11:10:53.882265+05:30,150.45,,6491175
2025-09-05 11:10:54.138040+05:30,151.05,,6491175
2025-09-05 11:10:54.464724+05:30,150.7,,6491175
2025-09-05 11:10:55.188044+05:30,150.7,,6491175
2025-09-05 11:10:55.446142+05:30,150.25,,6491175
2025-09-05 11:10:56.137378+05:30,149.8,,6491175
2025-09-05 11:10:56.400824+05:30,149.8,,6491175
2025-09-05 11:10:57.165366+05:30,147.2,,6491175
2025-09-05 11:10:57.887355+05:30,147.1,,6491175
2025-09-05 11:10:58.186247+05:30,147.5,,6491175
2025-09-05 11:10:58.887335+05:30,147.35,,6491175
2025-09-05 11:10:59.137443+05:30,147.65,,6491175
2025-09-05 11:10:59.391764+05:30,147.9,,6491175
2025-09-05 11:11:00.154268+05:30,148.7,,6491175
2025-09-05 11:11:00.713958+05:30,148.75,,6491175
2025-09-05 11:11:01.233713+05:30,149.1,,6491175
2025-09-05 11:11:02.137492+05:30,148.8,,6491175
2025-09-05 11:11:02.919275+05:30,148.85,,6491175
2025-09-05 11:11:03.155136+05:30,148.75,,6491175
2025-09-05 11:11:03.887336+05:30,149.05,,6491175
2025-09-05 11:11:04.137521+05:30,148.95,,6491175
2025-09-05 11:11:04.681949+05:30,148.95,,6491175
2025-09-05 11:11:05.202396+05:30,148.8,,6491175
2025-09-05 11:11:05.471706+05:30,148.85,,6491175
2025-09-05 11:11:06.219351+05:30,149.65,,6491175
2025-09-05 11:11:06.412424+05:30,149.35,,6491175
2025-09-05 11:11:07.249393+05:30,149.15,,6491175
2025-09-05 11:11:07.909416+05:30,149.85,,6491175
2025-09-05 11:11:08.142708+05:30,149.9,,6491175
2025-09-05 11:11:08.648976+05:30,149.55,,6491175
2025-09-05 11:11:09.204106+05:30,150.4,,6491175
2025-09-05 11:11:09.659185+05:30,150.15,,6491175
2025-09-05 11:11:10.217165+05:30,150.35,,6491175
2025-09-05 11:11:10.392354+05:30,149.95,,6491175
2025-09-05 11:11:11.210764+05:30,149.7,,6491175
2025-09-05 11:11:12.217261+05:30,149.15,,6491175
2025-09-05 11:11:12.888349+05:30,149.3,,6491175
2025-09-05 11:11:13.204580+05:30,148.95,,6491175
2025-09-05 11:11:13.636414+05:30,148.85,,6491175
2025-09-05 11:11:14.155903+05:30,149.35,,6491175
2025-09-05 11:11:14.415164+05:30,149.0,,6491175
2025-09-05 11:11:15.137370+05:30,149.3,,6491175
2025-09-05 11:11:15.695314+05:30,149.3,,6491175
2025-09-05 11:11:16.193224+05:30,148.5,,6491175
2025-09-05 11:11:17.214414+05:30,148.6,,6491175
2025-09-05 11:11:17.642267+05:30,148.0,,6491175
2025-09-05 11:11:18.194794+05:30,148.15,,6491175
2025-09-05 11:11:18.637472+05:30,148.65,,6491175
2025-09-05 11:11:19.156924+05:30,148.4,,6491175
2025-09-05 11:11:19.449636+05:30,148.4,,6491175
2025-09-05 11:11:20.229388+05:30,148.3,,6491175
2025-09-05 11:11:21.142398+05:30,148.85,,6491175
2025-09-05 11:11:22.133586+05:30,148.7,,6491175
2025-09-05 11:11:22.642235+05:30,148.8,,6491175
2025-09-05 11:11:23.178724+05:30,148.8,,6491175
2025-09-05 11:11:23.709161+05:30,148.9,,6491175
2025-09-05 11:11:24.157506+05:30,148.6,,6491175
2025-09-05 11:11:25.188041+05:30,149.0,,6491175
2025-09-05 11:11:25.941888+05:30,148.5,,6491175
2025-09-05 11:11:26.218281+05:30,148.6,,6491175
2025-09-05 11:11:26.680557+05:30,148.9,,6491175
2025-09-05 11:11:27.172132+05:30,148.6,,6491175
2025-09-05 11:11:27.414479+05:30,149.1,,6491175
2025-09-05 11:11:28.213446+05:30,149.5,,6491175
2025-09-05 11:11:28.430142+05:30,149.45,,6491175
2025-09-05 11:11:29.175350+05:30,148.8,,6491175
2025-09-05 11:11:29.887384+05:30,148.9,,6491175
2025-09-05 11:11:30.137163+05:30,148.85,,6491175
2025-09-05 11:11:30.474342+05:30,148.85,,6491175
2025-09-05 11:11:30.711909+05:30,148.55,,6491175
2025-09-05 11:11:31.208548+05:30,148.7,,6491175
2025-09-05 11:11:31.650036+05:30,149.0,,6491175
2025-09-05 11:11:32.162373+05:30,148.8,,6491175
2025-09-05 11:11:32.427113+05:30,148.8,,6491175
2025-09-05 11:11:33.157477+05:30,148.5,,6491175
2025-09-05 11:11:33.409339+05:30,148.75,,6491175
2025-09-05 11:11:33.888138+05:30,148.75,,6491175
2025-09-05 11:11:34.139519+05:30,148.75,,6491175
2025-09-05 11:11:34.887049+05:30,148.45,,6491175
2025-09-05 11:11:35.154103+05:30,148.45,,6491175
2025-09-05 11:11:35.655836+05:30,148.1,,6491175
2025-09-05 11:11:36.226599+05:30,148.85,,6491175
2025-09-05 11:11:36.387298+05:30,148.0,,6491175
2025-09-05 11:11:37.227130+05:30,148.0,,6491175
2025-09-05 11:11:37.473775+05:30,148.0,,6491175
2025-09-05 11:11:38.158931+05:30,148.35,,6491175
2025-09-05 11:11:38.887184+05:30,148.8,,6491175
2025-09-05 11:11:39.137276+05:30,148.25,,6491175
2025-09-05 11:11:39.887115+05:30,148.7,,6491175
2025-09-05 11:11:40.178422+05:30,148.7,,6491175
2025-09-05 11:11:40.504737+05:30,148.4,,6491175
2025-09-05 11:11:41.197741+05:30,148.8,,6491175
2025-09-05 11:11:41.470732+05:30,148.2,,6491175
2025-09-05 11:11:42.132594+05:30,148.45,,6491175
2025-09-05 11:11:42.909138+05:30,148.5,,6491175
2025-09-05 11:11:43.159469+05:30,148.5,,6491175
2025-09-05 11:11:43.409884+05:30,148.5,,6491175
2025-09-05 11:11:44.213980+05:30,148.55,,6491175
2025-09-05 11:11:44.418647+05:30,148.75,,6491175
2025-09-05 11:11:45.247718+05:30,148.6,,6491175
2025-09-05 11:11:46.176324+05:30,148.6,,6491175
2025-09-05 11:11:46.637136+05:30,148.25,,6491175
2025-09-05 11:11:47.155276+05:30,148.65,,6491175
2025-09-05 11:11:47.650457+05:30,146.35,,6491175
2025-09-05 11:11:48.188928+05:30,146.4,,6491175
2025-09-05 11:11:48.387339+05:30,146.4,,6491175
2025-09-05 11:11:49.212590+05:30,146.5,,6491175
2025-09-05 11:11:49.501360+05:30,146.5,,6491175
2025-09-05 11:11:50.208336+05:30,145.85,,6491175
2025-09-05 11:11:51.204739+05:30,145.8,,6491175
2025-09-05 11:11:51.659103+05:30,145.65,,6491175
2025-09-05 11:11:52.137068+05:30,146.05,,6491175
2025-09-05 11:11:52.632441+05:30,145.8,,6491175
2025-09-05 11:11:53.182822+05:30,146.25,,6491175
2025-09-05 11:11:53.404386+05:30,146.9,,6491175
2025-09-05 11:11:54.157434+05:30,146.25,,6491175
2025-09-05 11:11:54.425261+05:30,146.05,,6491175
2025-09-05 11:11:55.150699+05:30,145.95,,6491175
2025-09-05 11:11:56.202127+05:30,146.5,,6491175
2025-09-05 11:11:56.637814+05:30,146.25,,6491175
2025-09-05 11:11:57.156702+05:30,146.4,,6491175
2025-09-05 11:11:57.633991+05:30,146.7,,6491175
2025-09-05 11:11:58.137246+05:30,146.45,,6491175
2025-09-05 11:11:59.168933+05:30,146.55,,6491175
2025-09-05 11:11:59.457816+05:30,146.65,,6491175
2025-09-05 11:11:59.920488+05:30,146.4,,6491175
2025-09-05 11:12:00.138290+05:30,146.4,,6491175
2025-09-05 11:12:00.444560+05:30,146.4,,6491175
2025-09-05 11:12:00.947113+05:30,145.45,,6491175
2025-09-05 11:12:01.137129+05:30,145.1,,6491175
2025-09-05 11:12:01.387130+05:30,145.6,,6491175
2025-09-05 11:12:02.207865+05:30,145.0,,6491175
2025-09-05 11:12:02.670739+05:30,145.15,,6491175
2025-09-05 11:12:03.137148+05:30,145.35,,6491175
2025-09-05 11:12:04.203562+05:30,145.0,,6491175
2025-09-05 11:12:04.916773+05:30,144.65,,6491175
2025-09-05 11:12:05.172411+05:30,143.9,,6491175
2025-09-05 11:12:05.947338+05:30,143.35,,6491175
2025-09-05 11:12:06.184549+05:30,143.0,,6491175
2025-09-05 11:12:06.520246+05:30,143.1,,6491175
2025-09-05 11:12:07.168113+05:30,142.6,,6491175
2025-09-05 11:12:07.643874+05:30,142.7,,6491175
2025-09-05 11:12:08.155103+05:30,142.6,,6491175
2025-09-05 11:12:09.202868+05:30,142.25,,6491175
2025-09-05 11:12:09.911638+05:30,141.1,,6491175
2025-09-05 11:12:10.180036+05:30,141.35,,6491175
2025-09-05 11:12:10.900981+05:30,142.0,,6491175
2025-09-05 11:12:11.151510+05:30,142.25,,6491175
2025-09-05 11:12:11.447426+05:30,142.0,,6491175
2025-09-05 11:12:12.180572+05:30,141.25,,6491175
2025-09-05 11:12:12.660286+05:30,142.0,,6491175
2025-09-05 11:12:13.198435+05:30,141.4,,6491175
2025-09-05 11:12:14.158973+05:30,142.2,,6491175
2025-09-05 11:12:14.949312+05:30,142.5,,6491175
2025-09-05 11:12:15.144826+05:30,142.25,,6491175
2025-09-05 11:12:15.649853+05:30,141.9,,6491175
2025-09-05 11:12:16.164646+05:30,141.6,,6491175
2025-09-05 11:12:16.651498+05:30,141.55,,6491175
2025-09-05 11:12:17.155221+05:30,141.45,,6491175
2025-09-05 11:12:17.423209+05:30,141.3,,6491175
2025-09-05 11:12:18.164812+05:30,141.8,,6491175
2025-09-05 11:12:19.136838+05:30,141.25,,6491175
2025-09-05 11:12:19.882534+05:30,141.45,,6491175
2025-09-05 11:12:20.242460+05:30,141.3,,6491175
2025-09-05 11:12:20.681942+05:30,140.8,,6491175
2025-09-05 11:12:21.213363+05:30,140.85,,6491175
2025-09-05 11:12:21.632058+05:30,141.55,,6491175
2025-09-05 11:12:22.156668+05:30,141.4,,6491175
2025-09-05 11:12:22.401871+05:30,141.0,,6491175
2025-09-05 11:12:23.153649+05:30,141.8,,6491175
2025-09-05 11:12:24.142053+05:30,141.1,,6491175
2025-09-05 11:12:24.882106+05:30,141.35,,6491175
2025-09-05 11:12:25.137119+05:30,141.15,,6491175
2025-09-05 11:12:25.698846+05:30,141.1,,6491175
2025-09-05 11:12:26.232406+05:30,141.25,,6491175
2025-09-05 11:12:26.786813+05:30,141.1,,6491175
2025-09-05 11:12:27.136772+05:30,140.4,,6491175
2025-09-05 11:12:28.143656+05:30,140.4,,6491175
2025-09-05 11:12:29.136857+05:30,140.3,,6491175
2025-09-05 11:12:29.954824+05:30,140.7,,6491175
2025-09-05 11:12:30.199291+05:30,140.25,,6491175
2025-09-05 11:12:30.405052+05:30,140.25,,6491175
2025-09-05 11:12:30.686795+05:30,140.4,,6491175
2025-09-05 11:12:31.139618+05:30,140.45,,6491175
2025-09-05 11:12:31.646567+05:30,140.8,,6491175
2025-09-05 11:12:32.198809+05:30,140.6,,6491175
2025-09-05 11:12:32.427442+05:30,140.8,,6491175
2025-09-05 11:12:33.138123+05:30,140.4,,6491175
2025-09-05 11:12:33.926319+05:30,140.6,,6491175
2025-09-05 11:12:34.136859+05:30,140.65,,6491175
2025-09-05 11:12:34.936110+05:30,139.9,,6491175
2025-09-05 11:12:35.176718+05:30,140.1,,6491175
2025-09-05 11:12:35.655419+05:30,140.2,,6491175
2025-09-05 11:12:36.136961+05:30,138.8,,6491175
2025-09-05 11:12:36.717868+05:30,138.95,,6491175
2025-09-05 11:12:37.197251+05:30,138.7,,6491175
2025-09-05 11:12:38.178084+05:30,138.55,,6491175
2025-09-05 11:12:38.908802+05:30,138.3,,6491175
2025-09-05 11:12:39.169166+05:30,138.85,,6491175
2025-09-05 11:12:40.178620+05:30,138.35,,6491175
2025-09-05 11:12:40.714099+05:30,138.4,,6491175
2025-09-05 11:12:41.161504+05:30,137.7,,6491175
2025-09-05 11:12:41.644471+05:30,138.0,,6491175
2025-09-05 11:12:42.164509+05:30,138.0,,6491175
2025-09-05 11:12:42.469804+05:30,137.55,,6491175
2025-09-05 11:12:43.217169+05:30,138.35,,6491175
2025-09-05 11:12:43.406530+05:30,138.2,,6491175
2025-09-05 11:12:43.896546+05:30,137.75,,6491175
2025-09-05 11:12:44.132545+05:30,137.9,,6491175
2025-09-05 11:12:44.387029+05:30,137.9,,6491175
2025-09-05 11:12:44.961570+05:30,137.4,,6491175
2025-09-05 11:12:45.228145+05:30,137.4,,6491175
2025-09-05 11:12:45.670507+05:30,139.6,,6491175
2025-09-05 11:12:46.136727+05:30,139.4,,6446400
2025-09-05 11:12:46.426035+05:30,138.9,,6446400
2025-09-05 11:12:47.196106+05:30,138.95,,6446400
2025-09-05 11:12:48.193496+05:30,138.95,,6446400
2025-09-05 11:12:48.942423+05:30,139.2,,6446400
2025-09-05 11:12:49.193466+05:30,139.5,,6446400
2025-09-05 11:12:49.942185+05:30,139.4,,6446400
2025-09-05 11:12:50.148444+05:30,139.3,,6446400
2025-09-05 11:12:50.654734+05:30,140.0,,6446400
2025-09-05 11:12:51.221247+05:30,139.75,,6446400
2025-09-05 11:12:51.534923+05:30,140.25,,6446400
2025-09-05 11:12:52.158853+05:30,139.55,,6446400
2025-09-05 11:12:53.181396+05:30,139.75,,6446400
2025-09-05 11:12:53.449841+05:30,139.8,,6446400
2025-09-05 11:12:54.155804+05:30,140.2,,6446400
2025-09-05 11:12:54.915215+05:30,139.95,,6446400
2025-09-05 11:12:55.149480+05:30,140.3,,6446400
2025-09-05 11:12:55.669748+05:30,140.4,,6446400
2025-09-05 11:12:56.132715+05:30,140.1,,6446400
2025-09-05 11:12:56.409730+05:30,140.3,,6446400
2025-09-05 11:12:57.136695+05:30,139.9,,6446400
2025-09-05 11:12:57.408894+05:30,139.9,,6446400
2025-09-05 11:12:58.224694+05:30,139.6,,6446400
2025-09-05 11:12:59.180829+05:30,139.6,,6446400
2025-09-05 11:12:59.974812+05:30,139.5,,6446400
2025-09-05 11:13:00.175874+05:30,139.25,,6446400
2025-09-05 11:13:00.696108+05:30,139.05,,6446400
2025-09-05 11:13:01.148698+05:30,139.05,,6446400
2025-09-05 11:13:01.665790+05:30,139.0,,6446400
2025-09-05 11:13:02.168165+05:30,138.15,,6446400
2025-09-05 11:13:02.484339+05:30,138.15,,6446400
2025-09-05 11:13:03.134635+05:30,138.7,,6446400
2025-09-05 11:13:04.174838+05:30,138.0,,6446400
2025-09-05 11:13:04.910327+05:30,138.6,,6446400
2025-09-05 11:13:05.192929+05:30,138.3,,6446400
2025-09-05 11:13:05.655464+05:30,137.9,,6446400
2025-09-05 11:13:06.170272+05:30,138.1,,6446400
2025-09-05 11:13:06.392512+05:30,137.85,,6446400
2025-09-05 11:13:07.203335+05:30,137.75,,6446400
2025-09-05 11:13:07.422024+05:30,137.5,,6446400
2025-09-05 11:13:08.227417+05:30,137.4,,6446400
2025-09-05 11:13:09.153346+05:30,138.05,,6446400
2025-09-05 11:13:09.486222+05:30,138.1,,6446400
2025-09-05 11:13:09.886615+05:30,138.65,,6446400
2025-09-05 11:13:10.166648+05:30,138.25,,6446400
2025-09-05 11:13:10.677929+05:30,138.3,,6446400
2025-09-05 11:13:11.216318+05:30,138.1,,6446400
2025-09-05 11:13:11.681297+05:30,138.35,,6446400
2025-09-05 11:13:12.146246+05:30,138.5,,6446400
2025-09-05 11:13:13.170077+05:30,138.5,,6446400
2025-09-05 11:13:14.186924+05:30,139.4,,6446400
2025-09-05 11:13:14.888384+05:30,139.3,,6446400
2025-09-05 11:13:15.149340+05:30,139.55,,6446400
2025-09-05 11:13:15.405298+05:30,139.65,,6446400
2025-09-05 11:13:15.663954+05:30,139.55,,6446400
2025-09-05 11:13:16.136719+05:30,140.2,,6446400
2025-09-05 11:13:16.655952+05:30,140.25,,6446400
2025-09-05 11:13:17.155724+05:30,140.45,,6446400
2025-09-05 11:13:18.202247+05:30,139.45,,6446400
2025-09-05 11:13:19.136470+05:30,139.25,,6446400
2025-09-05 11:13:19.640209+05:30,139.1,,6446400
2025-09-05 11:13:20.149364+05:30,139.45,,6446400
2025-09-05 11:13:20.664123+05:30,139.1,,6446400
2025-09-05 11:13:21.140605+05:30,139.15,,6446400
2025-09-05 11:13:21.453882+05:30,139.3,,6446400
2025-09-05 11:13:22.208795+05:30,139.35,,6446400
2025-09-05 11:13:22.427710+05:30,139.35,,6446400
2025-09-05 11:13:23.224461+05:30,138.7,,6446400
2025-09-05 11:13:23.903294+05:30,138.95,,6446400
2025-09-05 11:13:24.170297+05:30,138.85,,6446400
2025-09-05 11:13:24.386525+05:30,138.85,,6446400
2025-09-05 11:13:24.690733+05:30,138.95,,6446400
2025-09-05 11:13:25.190754+05:30,138.95,,6446400
2025-09-05 11:13:25.438171+05:30,139.05,,6446400
2025-09-05 11:13:25.653966+05:30,138.65,,6446400
2025-09-05 11:13:26.230477+05:30,138.9,,6446400
2025-09-05 11:13:26.469030+05:30,138.95,,6446400
2025-09-05 11:13:27.136595+05:30,139.0,,6446400
2025-09-05 11:13:27.896176+05:30,138.4,,6446400
2025-09-05 11:13:28.218429+05:30,138.5,,6446400
2025-09-05 11:13:28.473000+05:30,138.5,,6446400
2025-09-05 11:13:28.886483+05:30,138.5,,6446400
2025-09-05 11:13:29.153207+05:30,138.55,,6446400
2025-09-05 11:13:29.391634+05:30,138.65,,6446400
2025-09-05 11:13:30.136470+05:30,139.05,,6446400
2025-09-05 11:13:30.393220+05:30,139.0,,6446400
2025-09-05 11:13:31.207871+05:30,138.75,,6446400
2025-09-05 11:13:31.471164+05:30,138.9,,6446400
2025-09-05 11:13:32.136434+05:30,138.65,,6446400
2025-09-05 11:13:32.924588+05:30,138.9,,6446400
2025-09-05 11:13:33.162841+05:30,138.75,,6446400
2025-09-05 11:13:33.690872+05:30,138.75,,6446400
2025-09-05 11:13:34.142559+05:30,138.95,,6446400
2025-09-05 11:13:34.457856+05:30,139.0,,6446400
2025-09-05 11:13:35.167348+05:30,138.6,,6446400
2025-09-05 11:13:35.482819+05:30,138.5,,6446400
2025-09-05 11:13:36.218796+05:30,138.55,,6446400
2025-09-05 11:13:36.535949+05:30,138.55,,6446400
2025-09-05 11:13:37.165141+05:30,137.0,,6446400
2025-09-05 11:13:37.447849+05:30,136.85,,6446400
2025-09-05 11:13:37.702349+05:30,137.0,,6446400
2025-09-05 11:13:38.136441+05:30,136.8,,6446400
2025-09-05 11:13:38.467916+05:30,136.6,,6446400
2025-09-05 11:13:38.644520+05:30,136.6,,6446400
2025-09-05 11:13:39.213285+05:30,136.4,,6446400
2025-09-05 11:13:40.137893+05:30,136.75,,6446400
2025-09-05 11:13:40.408827+05:30,136.45,,6446400
2025-09-05 11:13:41.192475+05:30,136.35,,6446400
2025-09-05 11:13:41.478406+05:30,136.75,,6446400
2025-09-05 11:13:42.137961+05:30,136.3,,6446400
2025-09-05 11:13:42.688327+05:30,137.2,,6446400
2025-09-05 11:13:43.197341+05:30,137.1,,6446400
2025-09-05 11:13:43.724281+05:30,137.4,,6446400
2025-09-05 11:13:44.162410+05:30,137.3,,6446400
2025-09-05 11:13:44.394157+05:30,137.65,,6446400
2025-09-05 11:13:45.215547+05:30,136.95,,6446400
2025-09-05 11:13:46.230748+05:30,138.7,,6446400
2025-09-05 11:13:46.427246+05:30,138.7,,6446400
2025-09-05 11:13:47.136594+05:30,139.1,,6446400
2025-09-05 11:13:47.679852+05:30,139.5,,6446400
2025-09-05 11:13:48.144021+05:30,139.9,,6446400
2025-09-05 11:13:48.447119+05:30,139.85,,6446400
2025-09-05 11:13:48.697443+05:30,139.75,,6446400
2025-09-05 11:13:49.136644+05:30,140.0,,6446400
2025-09-05 11:13:49.482985+05:30,140.0,,6446400
2025-09-05 11:13:50.155785+05:30,139.45,,6446400
2025-09-05 11:13:50.417063+05:30,139.55,,6446400
2025-09-05 11:13:51.170413+05:30,139.0,,6446400
2025-09-05 11:13:52.169928+05:30,138.8,,6446400
2025-09-05 11:13:52.699487+05:30,138.95,,6446400
2025-09-05 11:13:53.163454+05:30,139.35,,6446400
2025-09-05 11:13:53.689512+05:30,139.35,,6446400
2025-09-05 11:13:54.136307+05:30,139.25,,6446400
2025-09-05 11:13:54.495095+05:30,139.3,,6446400
2025-09-05 11:13:55.153332+05:30,139.55,,6446400
2025-09-05 11:13:55.458092+05:30,139.55,,6446400
2025-09-05 11:13:55.897858+05:30,139.3,,6446400
2025-09-05 11:13:56.153812+05:30,139.1,,6446400
2025-09-05 11:13:56.396149+05:30,139.4,,6446400
2025-09-05 11:13:56.947154+05:30,139.45,,6446400
2025-09-05 11:13:57.164282+05:30,139.5,,6446400
2025-09-05 11:13:57.386544+05:30,139.5,,6446400
2025-09-05 11:13:57.645547+05:30,139.45,,6446400
2025-09-05 11:13:58.131358+05:30,139.5,,6446400
2025-09-05 11:13:58.698838+05:30,139.25,,6446400
2025-09-05 11:13:59.181250+05:30,139.0,,6446400
2025-09-05 11:14:00.136355+05:30,139.15,,6446400
2025-09-05 11:14:00.425125+05:30,139.15,,6446400
2025-09-05 11:14:00.953273+05:30,139.0,,6446400
2025-09-05 11:14:01.175541+05:30,139.0,,6446400
2025-09-05 11:14:01.442219+05:30,139.0,,6446400
2025-09-05 11:14:01.693613+05:30,139.2,,6446400
2025-09-05 11:14:02.155156+05:30,140.0,,6446400
2025-09-05 11:14:02.448043+05:30,140.0,,6446400
2025-09-05 11:14:03.136185+05:30,140.1,,6446400
2025-09-05 11:14:03.399709+05:30,140.1,,6446400
2025-09-05 11:14:04.153279+05:30,140.05,,6446400
2025-09-05 11:14:05.158323+05:30,140.2,,6446400
2025-09-05 11:14:05.907984+05:30,140.1,,6446400
2025-09-05 11:14:06.181799+05:30,140.0,,6446400
2025-09-05 11:14:06.682322+05:30,140.1,,6446400
2025-09-05 11:14:07.136241+05:30,139.7,,6446400
2025-09-05 11:14:07.478456+05:30,140.0,,6446400
2025-09-05 11:14:08.143649+05:30,139.7,,6446400
2025-09-05 11:14:08.488200+05:30,139.7,,6446400
2025-09-05 11:14:09.186114+05:30,139.8,,6446400
2025-09-05 11:14:09.907956+05:30,140.2,,6446400
2025-09-05 11:14:10.185588+05:30,139.9,,6446400
2025-09-05 11:14:10.664432+05:30,140.2,,6446400
2025-09-05 11:14:11.181496+05:30,140.2,,6446400
2025-09-05 11:14:11.453204+05:30,140.2,,6446400
2025-09-05 11:14:12.136273+05:30,140.2,,6446400
2025-09-05 11:14:12.435649+05:30,140.25,,6446400
2025-09-05 11:14:13.136356+05:30,140.0,,6446400
2025-09-05 11:14:13.914357+05:30,140.0,,6446400
2025-09-05 11:14:14.403989+05:30,140.1,,6446400
2025-09-05 11:14:14.913738+05:30,139.85,,6446400
2025-09-05 11:14:15.441492+05:30,140.05,,6446400
2025-09-05 11:14:15.661534+05:30,140.0,,6446400
2025-09-05 11:14:16.238118+05:30,139.75,,6446400
2025-09-05 11:14:17.139124+05:30,139.55,,6446400
2025-09-05 11:14:17.459438+05:30,139.6,,6446400
2025-09-05 11:14:17.886116+05:30,139.35,,6446400
2025-09-05 11:14:18.132527+05:30,139.25,,6446400
2025-09-05 11:14:18.881330+05:30,139.45,,6446400
2025-09-05 11:14:19.158392+05:30,139.25,,6446400
2025-09-05 11:14:19.393643+05:30,139.2,,6446400
2025-09-05 11:14:20.446398+05:30,139.5,,6446400
2025-09-05 11:14:21.228217+05:30,139.25,,6446400
2025-09-05 11:14:21.406441+05:30,139.25,,6446400
