time,last_price,volume,oi
2025-09-05 10:55:52.790411+05:30,240.1,,2763900
2025-09-05 10:55:53.441652+05:30,240.0,,2763900
2025-09-05 10:55:53.646169+05:30,239.75,,2763900
2025-09-05 10:55:53.892880+05:30,239.75,,2763900
2025-09-05 10:55:54.389922+05:30,239.6,,2763900
2025-09-05 10:55:54.950730+05:30,239.5,,2763900
2025-09-05 10:55:55.423249+05:30,239.75,,2763900
2025-09-05 10:55:55.893473+05:30,239.5,,2763900
2025-09-05 10:55:56.169296+05:30,240.1,,2763900
2025-09-05 10:55:56.414158+05:30,239.7,,2763900
2025-09-05 10:55:56.642757+05:30,238.8,,2763900
2025-09-05 10:55:57.661936+05:30,239.1,,2763900
2025-09-05 10:55:57.892815+05:30,239.65,,2763900
2025-09-05 10:55:58.418124+05:30,239.6,,2763900
2025-09-05 10:55:58.935366+05:30,239.65,,2763900
2025-09-05 10:55:59.427326+05:30,238.5,,2763900
2025-09-05 10:55:59.638694+05:30,238.7,,2763900
2025-09-05 10:55:59.923742+05:30,238.05,,2763900
2025-09-05 10:56:00.142735+05:30,238.0,,2763900
2025-09-05 10:56:00.426523+05:30,238.15,,2763900
2025-09-05 10:56:01.044394+05:30,239.2,,2763900
2025-09-05 10:56:01.211526+05:30,239.2,,2763900
2025-09-05 10:56:01.476884+05:30,238.8,,2763900
2025-09-05 10:56:01.689287+05:30,238.85,,2763900
2025-09-05 10:56:02.754339+05:30,240.0,,2763900
2025-09-05 10:56:03.428711+05:30,239.45,,2763900
2025-09-05 10:56:03.714083+05:30,239.6,,2763900
2025-09-05 10:56:03.934064+05:30,239.6,,2763900
2025-09-05 10:56:04.477769+05:30,239.6,,2763900
2025-09-05 10:56:04.921068+05:30,239.75,,2763900
2025-09-05 10:56:05.180290+05:30,239.5,,2763900
2025-09-05 10:56:05.419069+05:30,239.5,,2763900
2025-09-05 10:56:05.892835+05:30,239.15,,2763900
2025-09-05 10:56:06.406003+05:30,238.6,,2763900
2025-09-05 10:56:06.713868+05:30,238.95,,2763900
2025-09-05 10:56:07.661165+05:30,241.1,,2763900
2025-09-05 10:56:08.165064+05:30,240.85,,2763900
2025-09-05 10:56:08.642633+05:30,240.8,,2763900
2025-09-05 10:56:08.948359+05:30,240.45,,2763900
2025-09-05 10:56:09.411946+05:30,240.65,,2763900
2025-09-05 10:56:09.916340+05:30,240.75,,2763900
2025-09-05 10:56:10.434896+05:30,241.2,,2763900
2025-09-05 10:56:10.903251+05:30,240.75,,2763900
2025-09-05 10:56:11.394458+05:30,239.7,,2763900
2025-09-05 10:56:11.813099+05:30,240.2,,2763900
2025-09-05 10:56:12.799830+05:30,239.45,,2763900
2025-09-05 10:56:13.192042+05:30,239.0,,2763900
2025-09-05 10:56:13.413489+05:30,239.0,,2763900
2025-09-05 10:56:13.900334+05:30,238.8,,2763900
2025-09-05 10:56:14.229876+05:30,238.8,,2763900
2025-09-05 10:56:14.501856+05:30,238.8,,2763900
2025-09-05 10:56:14.935332+05:30,239.1,,2763900
2025-09-05 10:56:15.154098+05:30,239.1,,2763900
2025-09-05 10:56:15.392424+05:30,238.9,,2763900
2025-09-05 10:56:15.934868+05:30,238.45,,2763900
2025-09-05 10:56:16.482188+05:30,238.4,,2763900
2025-09-05 10:56:16.675242+05:30,238.35,,2763900
2025-09-05 10:56:17.534987+05:30,238.6,,2763900
2025-09-05 10:56:17.762797+05:30,238.5,,2763900
2025-09-05 10:56:18.441290+05:30,238.4,,2763900
2025-09-05 10:56:18.969445+05:30,238.4,,2763900
2025-09-05 10:56:19.419558+05:30,239.05,,2763900
2025-09-05 10:56:19.892481+05:30,239.05,,2763900
2025-09-05 10:56:20.396952+05:30,238.8,,2763900
2025-09-05 10:56:21.011734+05:30,236.6,,2763900
2025-09-05 10:56:21.392837+05:30,236.95,,2763900
2025-09-05 10:56:21.715467+05:30,237.2,,2763900
2025-09-05 10:56:21.918375+05:30,237.0,,2763900
2025-09-05 10:56:22.480338+05:30,237.85,,2763900
2025-09-05 10:56:22.721476+05:30,238.5,,2763900
2025-09-05 10:56:23.397602+05:30,240.0,,2763900
2025-09-05 10:56:23.679732+05:30,239.85,,2763900
2025-09-05 10:56:23.914977+05:30,239.85,,2763900
2025-09-05 10:56:24.405666+05:30,240.0,,2763900
2025-09-05 10:56:24.921128+05:30,240.8,,2763900
2025-09-05 10:56:25.422660+05:30,240.8,,2763900
2025-09-05 10:56:26.040361+05:30,240.5,,2763900
2025-09-05 10:56:26.392898+05:30,241.0,,2763900
2025-09-05 10:56:26.642776+05:30,241.0,,2763900
2025-09-05 10:56:26.954273+05:30,240.95,,2763900
2025-09-05 10:56:27.403957+05:30,241.0,,2763900
2025-09-05 10:56:27.920294+05:30,240.6,,2763900
2025-09-05 10:56:28.392476+05:30,240.9,,2763900
2025-09-05 10:56:28.940798+05:30,240.9,,2763900
2025-09-05 10:56:29.189295+05:30,241.5,,2763900
2025-09-05 10:56:29.670106+05:30,241.5,,2763900
2025-09-05 10:56:29.893715+05:30,241.3,,2763900
2025-09-05 10:56:30.702306+05:30,241.8,,2763900
2025-09-05 10:56:30.892947+05:30,240.8,,2763900
2025-09-05 10:56:31.404991+05:30,240.9,,2763900
2025-09-05 10:56:31.763801+05:30,241.55,,2763900
2025-09-05 10:56:32.412679+05:30,241.4,,2763900
2025-09-05 10:56:33.004164+05:30,240.35,,2763900
2025-09-05 10:56:33.142506+05:30,241.15,,2763900
2025-09-05 10:56:33.671809+05:30,240.95,,2763900
2025-09-05 10:56:33.938739+05:30,241.15,,2763900
2025-09-05 10:56:34.143543+05:30,240.0,,2763900
2025-09-05 10:56:34.431924+05:30,240.1,,2763900
2025-09-05 10:56:34.892420+05:30,238.95,,2763900
2025-09-05 10:56:35.708292+05:30,238.4,,2763900
2025-09-05 10:56:36.025083+05:30,238.4,,2763900
2025-09-05 10:56:36.711662+05:30,238.95,,2763900
2025-09-05 10:56:36.892435+05:30,238.95,,2763900
2025-09-05 10:56:37.447395+05:30,238.65,,2763900
2025-09-05 10:56:38.017335+05:30,238.3,,2763900
2025-09-05 10:56:38.142446+05:30,238.85,,2763900
2025-09-05 10:56:38.392556+05:30,238.3,,2763900
2025-09-05 10:56:38.979492+05:30,238.5,,2763900
2025-09-05 10:56:39.479127+05:30,237.65,,2763900
2025-09-05 10:56:39.672975+05:30,237.7,,2763900
2025-09-05 10:56:39.967054+05:30,238.3,,2763900
2025-09-05 10:56:40.388494+05:30,237.95,,2763900
2025-09-05 10:56:40.999325+05:30,237.95,,2763900
2025-09-05 10:56:41.431442+05:30,238.55,,2763900
2025-09-05 10:56:41.695134+05:30,239.0,,2763900
2025-09-05 10:56:42.697881+05:30,239.6,,2763900
2025-09-05 10:56:42.892601+05:30,239.6,,2763900
2025-09-05 10:56:43.411801+05:30,239.2,,2763900
2025-09-05 10:56:43.725143+05:30,239.2,,2763900
2025-09-05 10:56:43.913352+05:30,238.8,,2763900
2025-09-05 10:56:44.486803+05:30,238.05,,2763900
2025-09-05 10:56:44.897880+05:30,238.05,,2763900
2025-09-05 10:56:45.392469+05:30,239.6,,2763900
2025-09-05 10:56:45.980041+05:30,238.3,,2763900
2025-09-05 10:56:46.686528+05:30,238.3,,2763900
2025-09-05 10:56:46.953504+05:30,239.15,,2763900
2025-09-05 10:56:47.542807+05:30,239.05,,2763900
2025-09-05 10:56:48.005172+05:30,238.75,,2763900
2025-09-05 10:56:48.397429+05:30,238.2,,2763900
2025-09-05 10:56:48.942164+05:30,238.2,,2763900
2025-09-05 10:56:49.205454+05:30,237.0,,2763900
2025-09-05 10:56:49.660668+05:30,236.6,,2763900
2025-09-05 10:56:49.958736+05:30,235.4,,2763900
2025-09-05 10:56:50.707179+05:30,235.7,,2763900
2025-09-05 10:56:50.958693+05:30,236.35,,2763900
2025-09-05 10:56:51.421183+05:30,235.8,,2763900
2025-09-05 10:56:51.969185+05:30,234.45,,2763900
2025-09-05 10:56:52.438962+05:30,236.25,,2763900
2025-09-05 10:56:52.981046+05:30,236.3,,2763900
2025-09-05 10:56:53.405902+05:30,236.1,,2763900
2025-09-05 10:56:53.887641+05:30,235.7,,2763900
2025-09-05 10:56:54.404139+05:30,235.95,,2763900
2025-09-05 10:56:54.752103+05:30,236.15,,2763900
2025-09-05 10:56:54.897356+05:30,236.2,,2763900
2025-09-05 10:56:55.392268+05:30,235.35,,2763900
2025-09-05 10:56:55.971738+05:30,235.05,,2763900
2025-09-05 10:56:56.404568+05:30,235.6,,2763900
2025-09-05 10:56:56.942361+05:30,235.6,,2763900
2025-09-05 10:56:57.743144+05:30,235.35,,2763900
2025-09-05 10:56:58.003498+05:30,235.0,,2763900
2025-09-05 10:56:58.387472+05:30,235.05,,2763900
2025-09-05 10:56:58.925572+05:30,234.45,,2763900
2025-09-05 10:56:59.192441+05:30,235.2,,2763900
2025-09-05 10:56:59.665951+05:30,235.05,,2763900
2025-09-05 10:56:59.972333+05:30,234.25,,2763900
2025-09-05 10:57:00.489285+05:30,234.0,,2763900
2025-09-05 10:57:00.904606+05:30,231.0,,2763900
2025-09-05 10:57:01.791984+05:30,232.15,,2763900
2025-09-05 10:57:01.951339+05:30,231.95,,2763900
2025-09-05 10:57:02.642310+05:30,232.05,,2763900
2025-09-05 10:57:03.147390+05:30,232.8,,2763900
2025-09-05 10:57:03.672155+05:30,232.15,,2763900
2025-09-05 10:57:03.941396+05:30,231.9,,2763900
2025-09-05 10:57:04.447836+05:30,231.35,,2763900
2025-09-05 10:57:04.745692+05:30,231.35,,2763900
2025-09-05 10:57:04.946404+05:30,230.7,,2763900
2025-09-05 10:57:05.397411+05:30,230.85,,2763900
2025-09-05 10:57:05.909982+05:30,230.6,,2763900
2025-09-05 10:57:06.673172+05:30,230.6,,2763900
2025-09-05 10:57:06.892185+05:30,230.35,,2763900
2025-09-05 10:57:07.462433+05:30,230.5,,2763900
2025-09-05 10:57:07.928977+05:30,231.0,,2763900
2025-09-05 10:57:08.204132+05:30,230.85,,2763900
2025-09-05 10:57:08.393416+05:30,231.8,,2763900
2025-09-05 10:57:08.893390+05:30,231.8,,2763900
2025-09-05 10:57:09.147127+05:30,231.7,,2763900
2025-09-05 10:57:09.415572+05:30,232.15,,2763900
2025-09-05 10:57:09.899972+05:30,231.2,,2763900
2025-09-05 10:57:10.392548+05:30,232.2,,2763900
2025-09-05 10:57:10.919868+05:30,231.7,,2763900
2025-09-05 10:57:11.398243+05:30,230.85,,2763900
2025-09-05 10:57:11.940858+05:30,230.35,,2763900
2025-09-05 10:57:12.443719+05:30,230.85,,2763900
2025-09-05 10:57:12.670034+05:30,230.8,,2763900
2025-09-05 10:57:13.159629+05:30,230.9,,2763900
2025-09-05 10:57:13.436532+05:30,230.9,,2763900
2025-09-05 10:57:13.892513+05:30,231.3,,2763900
2025-09-05 10:57:14.261437+05:30,230.95,,2763900
2025-09-05 10:57:14.795217+05:30,231.15,,2763900
2025-09-05 10:57:14.887497+05:30,230.85,,2763900
2025-09-05 10:57:15.436143+05:30,231.35,,2763900
2025-09-05 10:57:15.898046+05:30,230.85,,2763900
2025-09-05 10:57:16.473890+05:30,233.65,,2763900
2025-09-05 10:57:16.894506+05:30,233.9,,2763900
2025-09-05 10:57:17.445867+05:30,234.3,,2763900
2025-09-05 10:57:17.953873+05:30,234.15,,2763900
2025-09-05 10:57:18.392192+05:30,234.15,,2763900
2025-09-05 10:57:18.909340+05:30,234.85,,2763900
2025-09-05 10:57:19.222095+05:30,234.9,,2763900
2025-09-05 10:57:19.446121+05:30,234.8,,2763900
2025-09-05 10:57:19.908914+05:30,234.75,,2763900
2025-09-05 10:57:20.408943+05:30,235.15,,2763900
2025-09-05 10:57:20.966508+05:30,234.9,,2763900
2025-09-05 10:57:21.664572+05:30,234.45,,2763900
2025-09-05 10:57:22.023737+05:30,234.5,,2763900
2025-09-05 10:57:22.392180+05:30,235.1,,2763900
2025-09-05 10:57:22.985799+05:30,235.1,,2763900
2025-09-05 10:57:23.194117+05:30,235.1,,2763900
2025-09-05 10:57:23.414379+05:30,234.8,,2763900
2025-09-05 10:57:23.892168+05:30,234.75,,2763900
2025-09-05 10:57:24.245806+05:30,234.65,,2763900
2025-09-05 10:57:24.409954+05:30,235.0,,2763900
2025-09-05 10:57:24.892257+05:30,233.9,,2763900
2025-09-05 10:57:25.404001+05:30,235.0,,2763900
2025-09-05 10:57:25.889992+05:30,234.4,,2763900
2025-09-05 10:57:26.414186+05:30,236.0,,2763900
2025-09-05 10:57:26.900404+05:30,236.0,,2763900
2025-09-05 10:57:27.647465+05:30,237.0,,2763900
2025-09-05 10:57:27.897572+05:30,237.35,,2763900
2025-09-05 10:57:28.164155+05:30,236.25,,2763900
2025-09-05 10:57:28.691852+05:30,235.75,,2763900
2025-09-05 10:57:28.892129+05:30,235.85,,2763900
2025-09-05 10:57:29.185648+05:30,235.85,,2763900
2025-09-05 10:57:29.735264+05:30,235.4,,2763900
2025-09-05 10:57:29.927050+05:30,235.4,,2763900
2025-09-05 10:57:30.475741+05:30,235.95,,2763900
2025-09-05 10:57:30.751301+05:30,235.05,,2763900
2025-09-05 10:57:31.642240+05:30,235.0,,2763900
2025-09-05 10:57:31.897776+05:30,235.0,,2763900
2025-09-05 10:57:32.442387+05:30,234.85,,2763900
2025-09-05 10:57:32.734488+05:30,234.85,,2763900
2025-09-05 10:57:33.196533+05:30,235.1,,2763900
2025-09-05 10:57:33.909023+05:30,234.1,,2763900
2025-09-05 10:57:34.660109+05:30,235.05,,2763900
2025-09-05 10:57:34.892415+05:30,235.05,,2763900
2025-09-05 10:57:35.685895+05:30,235.4,,2763900
2025-09-05 10:57:36.028162+05:30,235.4,,2763900
2025-09-05 10:57:36.447650+05:30,235.9,,2763900
2025-09-05 10:57:36.953786+05:30,235.9,,2763900
2025-09-05 10:57:37.392123+05:30,236.1,,2763900
2025-09-05 10:57:37.985188+05:30,235.5,,2763900
2025-09-05 10:57:38.185693+05:30,235.5,,2763900
2025-09-05 10:57:38.713556+05:30,235.5,,2763900
2025-09-05 10:57:39.224663+05:30,235.75,,2736450
2025-09-05 10:57:39.721402+05:30,236.2,,2736450
2025-09-05 10:57:39.891920+05:30,236.2,,2736450
2025-09-05 10:57:40.751168+05:30,235.5,,2736450
2025-09-05 10:57:40.974486+05:30,235.5,,2736450
2025-09-05 10:57:41.642182+05:30,235.5,,2736450
2025-09-05 10:57:41.936643+05:30,235.4,,2736450
2025-09-05 10:57:42.489936+05:30,234.85,,2736450
2025-09-05 10:57:42.708404+05:30,235.2,,2736450
2025-09-05 10:57:43.167820+05:30,235.1,,2736450
2025-09-05 10:57:43.962101+05:30,235.1,,2736450
2025-09-05 10:57:44.142152+05:30,235.1,,2736450
2025-09-05 10:57:44.727245+05:30,235.25,,2736450
2025-09-05 10:57:44.892059+05:30,235.25,,2736450
2025-09-05 10:57:45.701247+05:30,235.05,,2736450
2025-09-05 10:57:46.441514+05:30,235.0,,2736450
2025-09-05 10:57:46.983612+05:30,234.65,,2736450
2025-09-05 10:57:47.463126+05:30,235.3,,2736450
2025-09-05 10:57:47.962077+05:30,234.6,,2736450
2025-09-05 10:57:48.172042+05:30,234.6,,2736450
2025-09-05 10:57:48.643509+05:30,234.6,,2736450
2025-09-05 10:57:49.143535+05:30,233.65,,2736450
2025-09-05 10:57:49.734388+05:30,233.0,,2736450
2025-09-05 10:57:49.897361+05:30,233.0,,2736450
2025-09-05 10:57:50.680193+05:30,234.0,,2736450
2025-09-05 10:57:50.892767+05:30,233.45,,2736450
2025-09-05 10:57:51.424152+05:30,232.9,,2736450
2025-09-05 10:57:51.909283+05:30,232.1,,2736450
2025-09-05 10:57:52.392029+05:30,232.0,,2736450
2025-09-05 10:57:52.772029+05:30,230.9,,2736450
2025-09-05 10:57:52.936398+05:30,230.9,,2736450
2025-09-05 10:57:53.690151+05:30,229.7,,2736450
2025-09-05 10:57:53.948818+05:30,229.7,,2736450
2025-09-05 10:57:54.221701+05:30,230.0,,2736450
2025-09-05 10:57:54.701551+05:30,228.9,,2736450
2025-09-05 10:57:54.903537+05:30,228.7,,2736450
2025-09-05 10:57:55.741906+05:30,228.1,,2736450
2025-09-05 10:57:56.408864+05:30,228.65,,2736450
2025-09-05 10:57:57.021343+05:30,228.65,,2736450
2025-09-05 10:57:57.211836+05:30,228.75,,2736450
2025-09-05 10:57:57.642071+05:30,228.4,,2736450
2025-09-05 10:57:57.892300+05:30,229.75,,2736450
2025-09-05 10:57:58.723726+05:30,229.9,,2736450
2025-09-05 10:57:59.196646+05:30,229.9,,2736450
2025-09-05 10:57:59.696428+05:30,229.6,,2736450
2025-09-05 10:57:59.909123+05:30,229.6,,2736450
2025-09-05 10:58:00.677848+05:30,230.2,,2736450
2025-09-05 10:58:00.958313+05:30,229.45,,2736450
2025-09-05 10:58:01.484785+05:30,228.75,,2736450
2025-09-05 10:58:01.690414+05:30,228.5,,2736450
2025-09-05 10:58:11.141547+05:30,228.4,,2736450
2025-09-05 10:58:11.160177+05:30,228.95,,2736450
2025-09-05 10:58:11.195783+05:30,229.45,,2736450
2025-09-05 10:58:11.359271+05:30,229.05,,2736450
2025-09-05 10:58:11.405533+05:30,229.25,,2736450
2025-09-05 10:58:11.434258+05:30,229.25,,2736450
2025-09-05 10:58:11.507267+05:30,231.0,,2736450
2025-09-05 10:58:11.552905+05:30,231.0,,2736450
2025-09-05 10:58:11.641461+05:30,231.05,,2736450
2025-09-05 10:58:11.724636+05:30,231.05,,2736450
2025-09-05 10:58:11.917340+05:30,232.9,,2736450
2025-09-05 10:58:11.975161+05:30,232.45,,2736450
2025-09-05 10:58:12.047930+05:30,233.2,,2736450
2025-09-05 10:58:12.163394+05:30,231.85,,2736450
2025-09-05 10:58:12.311155+05:30,231.85,,2736450
2025-09-05 10:58:12.412603+05:30,232.2,,2736450
2025-09-05 10:58:12.624119+05:30,232.2,,2736450
2025-09-05 10:58:12.814164+05:30,231.3,,2736450
2025-09-05 10:58:12.927416+05:30,231.3,,2736450
2025-09-05 10:58:13.195265+05:30,231.5,,2736450
2025-09-05 10:58:13.323603+05:30,231.5,,2736450
2025-09-05 10:58:13.614658+05:30,231.5,,2736450
2025-09-05 10:58:13.712557+05:30,231.9,,2736450
2025-09-05 10:58:13.797559+05:30,231.9,,2736450
2025-09-05 10:58:13.881200+05:30,232.35,,2736450
2025-09-05 10:58:13.998122+05:30,232.35,,2736450
2025-09-05 10:58:14.106895+05:30,232.35,,2736450
2025-09-05 10:58:14.238069+05:30,231.85,,2736450
2025-09-05 10:58:14.273340+05:30,231.85,,2736450
2025-09-05 10:58:14.706694+05:30,232.0,,2736450
2025-09-05 10:58:14.891853+05:30,232.0,,2736450
2025-09-05 10:58:15.766650+05:30,231.4,,2736450
2025-09-05 10:58:15.931142+05:30,231.4,,2736450
2025-09-05 10:58:16.658613+05:30,230.25,,2736450
2025-09-05 10:58:16.894188+05:30,230.1,,2736450
2025-09-05 10:58:17.175231+05:30,230.25,,2736450
2025-09-05 10:58:17.641889+05:30,230.8,,2736450
2025-09-05 10:58:17.963629+05:30,230.6,,2736450
2025-09-05 10:58:18.914150+05:30,231.45,,2736450
2025-09-05 10:58:19.642064+05:30,231.45,,2736450
2025-09-05 10:58:19.897070+05:30,231.15,,2736450
2025-09-05 10:58:20.642286+05:30,230.95,,2736450
2025-09-05 10:58:20.913154+05:30,231.1,,2736450
2025-09-05 10:58:21.723045+05:30,231.4,,2736450
2025-09-05 10:58:21.935526+05:30,231.4,,2736450
2025-09-05 10:58:22.141858+05:30,231.05,,2736450
2025-09-05 10:58:22.681531+05:30,230.95,,2736450
2025-09-05 10:58:22.892123+05:30,230.6,,2736450
2025-09-05 10:58:23.677383+05:30,231.15,,2736450
2025-09-05 10:58:23.961068+05:30,230.45,,2736450
2025-09-05 10:58:24.647333+05:30,230.6,,2736450
2025-09-05 10:58:24.900460+05:30,230.6,,2736450
2025-09-05 10:58:26.002158+05:30,230.6,,2736450
2025-09-05 10:58:26.440997+05:30,231.3,,2736450
2025-09-05 10:58:27.011325+05:30,231.05,,2736450
2025-09-05 10:58:27.517798+05:30,231.0,,2736450
2025-09-05 10:58:27.641896+05:30,230.6,,2736450
2025-09-05 10:58:27.962166+05:30,232.0,,2736450
2025-09-05 10:58:28.203250+05:30,232.0,,2736450
2025-09-05 10:58:28.714901+05:30,232.35,,2736450
2025-09-05 10:58:29.007283+05:30,232.4,,2736450
2025-09-05 10:58:29.707911+05:30,232.15,,2736450
2025-09-05 10:58:30.016244+05:30,232.15,,2736450
2025-09-05 10:58:30.735718+05:30,232.95,,2736450
2025-09-05 10:58:30.927420+05:30,233.0,,2736450
2025-09-05 10:58:31.391992+05:30,233.25,,2736450
2025-09-05 10:58:31.665916+05:30,233.8,,2736450
2025-09-05 10:58:32.175791+05:30,233.85,,2736450
2025-09-05 10:58:32.750025+05:30,233.75,,2736450
2025-09-05 10:58:32.931151+05:30,233.75,,2736450
2025-09-05 10:58:33.701127+05:30,232.95,,2736450
2025-09-05 10:58:33.892578+05:30,232.85,,2736450
2025-09-05 10:58:34.738097+05:30,232.7,,2736450
2025-09-05 10:58:34.958280+05:30,231.8,,2736450
2025-09-05 10:58:35.778881+05:30,232.6,,2736450
2025-09-05 10:58:36.019449+05:30,232.6,,2736450
2025-09-05 10:58:36.658583+05:30,232.15,,2736450
2025-09-05 10:58:36.999976+05:30,232.25,,2736450
2025-09-05 10:58:37.225478+05:30,232.35,,2736450
2025-09-05 10:58:37.675224+05:30,232.35,,2736450
2025-09-05 10:58:38.004302+05:30,232.15,,2736450
2025-09-05 10:58:38.255381+05:30,232.15,,2736450
2025-09-05 10:58:39.019981+05:30,231.5,,2736450
2025-09-05 10:58:39.680871+05:30,231.3,,2736450
2025-09-05 10:58:39.892152+05:30,231.6,,2736450
2025-09-05 10:58:40.697341+05:30,231.6,,2736450
2025-09-05 10:58:41.142090+05:30,230.6,,2736450
2025-09-05 10:58:41.696263+05:30,230.6,,2736450
2025-09-05 10:58:42.533351+05:30,230.95,,2736450
2025-09-05 10:58:42.690355+05:30,230.95,,2736450
2025-09-05 10:58:42.963148+05:30,230.1,,2736450
2025-09-05 10:58:43.641722+05:30,230.0,,2736450
2025-09-05 10:58:43.940425+05:30,230.05,,2736450
2025-09-05 10:58:44.636909+05:30,230.0,,2736450
2025-09-05 10:58:44.927726+05:30,229.4,,2736450
2025-09-05 10:59:11.129996+05:30,229.1,,2736450
2025-09-05 10:59:11.172314+05:30,229.15,,2736450
2025-09-05 10:59:11.282183+05:30,229.0,,2736450
2025-09-05 10:59:11.367590+05:30,228.7,,2736450
2025-09-05 10:59:11.534745+05:30,228.8,,2736450
2025-09-05 10:59:11.582395+05:30,228.8,,2736450
2025-09-05 10:59:11.810276+05:30,229.25,,2736450
2025-09-05 10:59:11.908242+05:30,229.25,,2736450
2025-09-05 10:59:12.097975+05:30,229.0,,2736450
2025-09-05 10:59:12.190168+05:30,228.45,,2736450
2025-09-05 10:59:12.468767+05:30,228.5,,2736450
2025-09-05 10:59:12.493218+05:30,228.5,,2736450
2025-09-05 10:59:12.757813+05:30,229.1,,2736450
2025-09-05 10:59:12.845320+05:30,229.1,,2736450
2025-09-05 10:59:13.023380+05:30,227.55,,2736450
2025-09-05 10:59:13.155606+05:30,228.2,,2736450
2025-09-05 10:59:13.221415+05:30,228.25,,2736450
2025-09-05 10:59:13.449710+05:30,228.15,,2736450
2025-09-05 10:59:13.597445+05:30,228.15,,2736450
2025-09-05 10:59:13.794568+05:30,228.2,,2736450
2025-09-05 10:59:13.869115+05:30,227.95,,2736450
2025-09-05 10:59:14.101525+05:30,227.95,,2736450
2025-09-05 10:59:14.371638+05:30,227.6,,2736450
2025-09-05 10:59:14.409777+05:30,227.6,,2736450
2025-09-05 10:59:14.628360+05:30,226.5,,2736450
2025-09-05 10:59:14.903136+05:30,226.5,,2736450
2025-09-05 10:59:15.072203+05:30,226.9,,2736450
2025-09-05 10:59:15.213974+05:30,226.55,,2736450
2025-09-05 10:59:15.306862+05:30,227.55,,2736450
2025-09-05 10:59:15.380634+05:30,226.75,,2736450
2025-09-05 10:59:15.553738+05:30,227.95,,2736450
2025-09-05 10:59:15.703363+05:30,227.7,,2736450
2025-09-05 10:59:15.869092+05:30,228.85,,2736450
2025-09-05 10:59:15.911147+05:30,228.3,,2736450
2025-09-05 10:59:16.216483+05:30,229.9,,2736450
2025-09-05 10:59:16.309728+05:30,229.1,,2736450
2025-09-05 10:59:16.621634+05:30,228.45,,2736450
2025-09-05 10:59:16.756241+05:30,228.45,,2736450
2025-09-05 10:59:16.892240+05:30,228.6,,2736450
2025-09-05 10:59:17.039914+05:30,228.65,,2736450
2025-09-05 10:59:17.152843+05:30,228.65,,2736450
2025-09-05 10:59:17.360356+05:30,228.65,,2736450
2025-09-05 10:59:17.628245+05:30,228.7,,2736450
2025-09-05 10:59:17.781373+05:30,228.7,,2736450
2025-09-05 10:59:17.912145+05:30,228.0,,2736450
2025-09-05 10:59:18.168877+05:30,228.0,,2736450
2025-09-05 10:59:18.299975+05:30,228.0,,2736450
2025-09-05 10:59:18.422538+05:30,227.9,,2736450
2025-09-05 10:59:18.700964+05:30,227.8,,2736450
2025-09-05 10:59:18.880623+05:30,226.85,,2736450
2025-09-05 10:59:19.139523+05:30,226.4,,2736450
2025-09-05 10:59:19.190543+05:30,226.4,,2736450
2025-09-05 10:59:19.308458+05:30,226.4,,2736450
2025-09-05 10:59:19.542409+05:30,226.4,,2736450
2025-09-05 10:59:19.857278+05:30,226.25,,2736450
2025-09-05 10:59:19.960143+05:30,226.75,,2736450
2025-09-05 10:59:20.148555+05:30,226.45,,2736450
2025-09-05 10:59:20.237830+05:30,226.45,,2736450
2025-09-05 10:59:20.601269+05:30,226.0,,2736450
2025-09-05 10:59:20.854423+05:30,226.6,,2736450
2025-09-05 10:59:20.979395+05:30,226.85,,2736450
2025-09-05 10:59:21.231520+05:30,226.85,,2736450
2025-09-05 10:59:21.324003+05:30,226.45,,2736450
2025-09-05 10:59:21.429329+05:30,226.7,,2736450
2025-09-05 10:59:21.601584+05:30,225.7,,2736450
2025-09-05 10:59:21.767575+05:30,225.0,,2736450
2025-09-05 10:59:21.829276+05:30,225.1,,2736450
2025-09-05 10:59:21.872404+05:30,225.1,,2736450
2025-09-05 10:59:22.019794+05:30,224.8,,2736450
2025-09-05 10:59:22.076521+05:30,225.25,,2736450
2025-09-05 10:59:22.258797+05:30,225.4,,2736450
2025-09-05 10:59:22.414931+05:30,226.0,,2736450
2025-09-05 10:59:22.704588+05:30,225.3,,2736450
2025-09-05 10:59:22.826947+05:30,225.2,,2736450
2025-09-05 10:59:23.037938+05:30,225.6,,2736450
2025-09-05 10:59:23.141667+05:30,225.6,,2736450
2025-09-05 10:59:23.364413+05:30,226.25,,2736450
2025-09-05 10:59:23.393862+05:30,226.25,,2736450
2025-09-05 10:59:23.617820+05:30,225.4,,2736450
2025-09-05 10:59:23.720473+05:30,225.5,,2736450
2025-09-05 10:59:23.904422+05:30,226.0,,2736450
2025-09-05 10:59:23.923592+05:30,226.0,,2736450
2025-09-05 10:59:24.179783+05:30,225.8,,2736450
2025-09-05 10:59:24.327540+05:30,226.4,,2736450
2025-09-05 10:59:24.523447+05:30,226.25,,2736450
2025-09-05 10:59:24.595833+05:30,226.25,,2736450
2025-09-05 10:59:24.860901+05:30,225.75,,2736450
2025-09-05 10:59:25.091375+05:30,225.25,,2736450
2025-09-05 10:59:25.341790+05:30,225.0,,2736450
2025-09-05 10:59:25.381766+05:30,225.6,,2736450
2025-09-05 10:59:25.485672+05:30,225.85,,2736450
2025-09-05 10:59:25.685713+05:30,225.85,,2736450
2025-09-05 10:59:25.783069+05:30,225.0,,2736450
2025-09-05 10:59:25.961978+05:30,224.15,,2736450
2025-09-05 10:59:26.076455+05:30,224.65,,2736450
2025-09-05 10:59:26.312243+05:30,224.65,,2736450
2025-09-05 10:59:26.354823+05:30,224.4,,2736450
2025-09-05 10:59:26.490316+05:30,224.85,,2736450
2025-09-05 10:59:26.611132+05:30,224.9,,2736450
2025-09-05 10:59:26.783674+05:30,225.0,,2736450
2025-09-05 11:00:11.079151+05:30,225.55,,2736450
2025-09-05 11:00:11.121297+05:30,225.4,,2736450
2025-09-05 11:00:11.190599+05:30,226.15,,2736450
2025-09-05 11:00:11.274335+05:30,225.9,,2736450
2025-09-05 11:00:11.526691+05:30,226.05,,2736450
2025-09-05 11:00:11.619855+05:30,226.05,,2736450
2025-09-05 11:00:11.732064+05:30,226.1,,2736450
2025-09-05 11:00:11.766499+05:30,226.1,,2736450
2025-09-05 11:00:11.821141+05:30,225.65,,2736450
2025-09-05 11:00:12.057068+05:30,225.65,,2736450
2025-09-05 11:00:12.130495+05:30,225.65,,2736450
2025-09-05 11:00:12.376884+05:30,225.5,,2736450
2025-09-05 11:00:12.568737+05:30,226.1,,2736450
2025-09-05 11:00:12.616153+05:30,226.1,,2736450
2025-09-05 11:00:12.780657+05:30,226.35,,2736450
2025-09-05 11:00:12.851839+05:30,227.5,,2736450
2025-09-05 11:00:12.953853+05:30,228.4,,2736450
2025-09-05 11:00:13.209276+05:30,228.25,,2736450
2025-09-05 11:00:13.318837+05:30,228.25,,2736450
2025-09-05 11:00:13.453131+05:30,227.15,,2736450
2025-09-05 11:00:13.546462+05:30,227.15,,2736450
2025-09-05 11:00:13.646633+05:30,228.3,,2736450
2025-09-05 11:00:13.863109+05:30,227.05,,2736450
2025-09-05 11:00:13.890483+05:30,227.3,,2736450
2025-09-05 11:00:13.941347+05:30,226.95,,2736450
2025-09-05 11:00:14.261329+05:30,226.5,,2736450
2025-09-05 11:00:14.460141+05:30,227.2,,2736450
2025-09-05 11:00:14.579190+05:30,227.2,,2736450
2025-09-05 11:00:14.672433+05:30,227.2,,2736450
2025-09-05 11:00:14.720754+05:30,226.8,,2736450
2025-09-05 11:00:15.148387+05:30,227.1,,2736450
2025-09-05 11:00:15.191978+05:30,227.0,,2736450
2025-09-05 11:00:15.441519+05:30,227.0,,2736450
2025-09-05 11:00:15.546002+05:30,227.0,,2736450
2025-09-05 11:00:15.783553+05:30,226.75,,2736450
2025-09-05 11:00:15.908463+05:30,227.3,,2736450
2025-09-05 11:00:15.966245+05:30,227.25,,2736450
2025-09-05 11:00:16.080726+05:30,227.25,,2736450
2025-09-05 11:00:16.320252+05:30,226.9,,2736450
2025-09-05 11:00:16.481198+05:30,227.35,,2736450
2025-09-05 11:00:16.649196+05:30,226.7,,2736450
2025-09-05 11:00:16.672155+05:30,226.7,,2736450
2025-09-05 11:00:16.995637+05:30,227.2,,2736450
2025-09-05 11:00:17.168851+05:30,227.2,,2736450
2025-09-05 11:00:17.223370+05:30,227.2,,2736450
2025-09-05 11:00:17.410025+05:30,227.2,,2736450
2025-09-05 11:00:17.507670+05:30,226.8,,2736450
2025-09-05 11:00:17.619175+05:30,227.4,,2736450
2025-09-05 11:00:17.752297+05:30,227.3,,2736450
2025-09-05 11:00:17.835205+05:30,227.7,,2736450
2025-09-05 11:00:18.040814+05:30,227.6,,2736450
2025-09-05 11:00:18.116618+05:30,227.6,,2736450
2025-09-05 11:00:18.329003+05:30,228.0,,2736450
2025-09-05 11:00:18.408352+05:30,227.9,,2736450
2025-09-05 11:00:18.497889+05:30,227.9,,2736450
2025-09-05 11:00:18.765119+05:30,227.9,,2736450
2025-09-05 11:00:18.949286+05:30,227.75,,2736450
2025-09-05 11:00:19.141124+05:30,227.75,,2736450
2025-09-05 11:00:19.273906+05:30,228.3,,2736450
2025-09-05 11:00:19.331700+05:30,228.35,,2736450
2025-09-05 11:00:19.602423+05:30,228.45,,2736450
2025-09-05 11:00:19.662649+05:30,228.0,,2736450
2025-09-05 11:00:19.865888+05:30,228.0,,2736450
2025-09-05 11:00:20.086337+05:30,228.45,,2736450
2025-09-05 11:00:20.188781+05:30,228.45,,2736450
2025-09-05 11:00:20.428853+05:30,228.45,,2736450
2025-09-05 11:00:20.548954+05:30,227.8,,2736450
2025-09-05 11:00:20.744069+05:30,228.25,,2736450
2025-09-05 11:00:20.908716+05:30,228.3,,2736450
2025-09-05 11:00:20.997030+05:30,228.3,,2736450
2025-09-05 11:00:21.217902+05:30,228.0,,2736450
2025-09-05 11:00:21.347703+05:30,227.15,,2736450
2025-09-05 11:00:21.552598+05:30,227.15,,2736450
2025-09-05 11:00:21.877227+05:30,227.15,,2736450
2025-09-05 11:00:22.246549+05:30,226.9,,2736450
2025-09-05 11:00:22.364961+05:30,225.85,,2736450
2025-09-05 11:00:22.441518+05:30,225.15,,2736450
2025-09-05 11:00:22.529287+05:30,225.2,,2736450
2025-09-05 11:00:22.760893+05:30,225.2,,2736450
2025-09-05 11:00:22.851170+05:30,225.2,,2736450
2025-09-05 11:00:23.058079+05:30,225.0,,2736450
2025-09-05 11:00:23.211248+05:30,225.85,,2736450
2025-09-05 11:00:23.423394+05:30,225.55,,2736450
2025-09-05 11:00:23.585927+05:30,225.55,,2736450
2025-09-05 11:00:23.817475+05:30,225.85,,2736450
2025-09-05 11:00:23.868182+05:30,223.9,,2736450
2025-09-05 11:00:24.145851+05:30,224.6,,2736450
2025-09-05 11:00:24.282311+05:30,224.45,,2736450
2025-09-05 11:00:24.385122+05:30,225.15,,2736450
2025-09-05 11:00:24.630038+05:30,224.7,,2736450
2025-09-05 11:00:24.764115+05:30,225.35,,2736450
2025-09-05 11:00:24.882164+05:30,225.55,,2736450
2025-09-05 11:00:25.037323+05:30,226.45,,2736450
2025-09-05 11:00:25.267278+05:30,225.5,,2736450
2025-09-05 11:00:25.508290+05:30,226.3,,2736450
2025-09-05 11:00:25.605507+05:30,226.3,,2736450
2025-09-05 11:00:25.734857+05:30,225.85,,2736450
2025-09-05 11:00:25.766696+05:30,225.7,,2736450
2025-09-05 11:00:56.374286+05:30,225.7,,2736450
2025-09-05 11:00:56.429103+05:30,226.75,,2736450
2025-09-05 11:00:56.515857+05:30,226.5,,2736450
2025-09-05 11:00:56.588665+05:30,226.5,,2736450
2025-09-05 11:00:56.733274+05:30,226.5,,2736450
2025-09-05 11:00:56.795877+05:30,227.2,,2736450
2025-09-05 11:00:56.902312+05:30,227.2,,2736450
2025-09-05 11:00:57.028518+05:30,227.45,,2736450
2025-09-05 11:00:57.251387+05:30,228.1,,2736450
2025-09-05 11:00:57.361450+05:30,228.1,,2736450
2025-09-05 11:00:57.625823+05:30,227.95,,2736450
2025-09-05 11:00:57.738164+05:30,226.8,,2736450
2025-09-05 11:00:57.792155+05:30,226.8,,2736450
2025-09-05 11:00:57.991345+05:30,227.15,,2736450
2025-09-05 11:00:58.048219+05:30,227.15,,2736450
2025-09-05 11:00:58.110153+05:30,227.15,,2736450
2025-09-05 11:00:58.178335+05:30,227.4,,2736450
2025-09-05 11:00:58.188617+05:30,227.4,,2736450
2025-09-05 11:00:58.320371+05:30,226.25,,2736450
2025-09-05 11:00:58.456167+05:30,226.2,,2736450
2025-09-05 11:00:58.464676+05:30,226.2,,2736450
2025-09-05 11:00:58.590068+05:30,226.9,,2736450
2025-09-05 11:00:58.643820+05:30,226.35,,2736450
2025-09-05 11:00:58.823461+05:30,226.6,,2736450
2025-09-05 11:00:58.852279+05:30,226.6,,2736450
2025-09-05 11:00:59.134953+05:30,226.5,,2736450
2025-09-05 11:00:59.177143+05:30,226.5,,2736450
2025-09-05 11:00:59.305349+05:30,226.5,,2736450
2025-09-05 11:00:59.313740+05:30,227.45,,2736450
2025-09-05 11:00:59.471135+05:30,227.2,,2736450
2025-09-05 11:00:59.571140+05:30,226.7,,2736450
2025-09-05 11:00:59.619826+05:30,226.7,,2736450
2025-09-05 11:00:59.818418+05:30,226.5,,2736450
2025-09-05 11:00:59.913323+05:30,226.5,,2736450
2025-09-05 11:01:00.079895+05:30,226.8,,2736450
2025-09-05 11:01:00.189526+05:30,226.8,,2736450
2025-09-05 11:01:00.395330+05:30,227.15,,2736450
2025-09-05 11:01:00.538592+05:30,227.0,,2736450
2025-09-05 11:01:00.647320+05:30,227.0,,2736450
2025-09-05 11:01:00.672217+05:30,227.0,,2736450
2025-09-05 11:01:00.886380+05:30,226.8,,2736450
2025-09-05 11:01:01.074064+05:30,225.0,,2736450
2025-09-05 11:01:01.238232+05:30,225.0,,2736450
2025-09-05 11:01:01.303973+05:30,225.4,,2736450
2025-09-05 11:01:01.491062+05:30,225.05,,2736450
2025-09-05 11:01:01.545070+05:30,224.1,,2736450
2025-09-05 11:01:01.612267+05:30,224.45,,2736450
2025-09-05 11:01:01.701871+05:30,224.45,,2736450
2025-09-05 11:01:01.806650+05:30,224.4,,2736450
2025-09-05 11:01:01.973180+05:30,224.4,,2736450
2025-09-05 11:01:02.009281+05:30,224.85,,2736450
2025-09-05 11:01:02.162551+05:30,224.85,,2736450
2025-09-05 11:01:02.251549+05:30,224.85,,2736450
2025-09-05 11:01:02.362366+05:30,223.4,,2736450
2025-09-05 11:01:02.456055+05:30,223.4,,2736450
2025-09-05 11:01:02.563284+05:30,224.3,,2736450
2025-09-05 11:01:02.642255+05:30,223.75,,2736450
2025-09-05 11:01:02.803879+05:30,223.7,,2736450
2025-09-05 11:01:02.838322+05:30,225.3,,2736450
2025-09-05 11:01:02.920797+05:30,226.6,,2736450
2025-09-05 11:01:03.242789+05:30,226.65,,2736450
2025-09-05 11:01:03.301344+05:30,226.2,,2736450
2025-09-05 11:01:03.435140+05:30,226.2,,2736450
2025-09-05 11:01:03.531026+05:30,226.2,,2736450
2025-09-05 11:01:03.683801+05:30,226.85,,2736450
2025-09-05 11:01:03.731897+05:30,226.65,,2736450
2025-09-05 11:01:03.828405+05:30,226.65,,2736450
2025-09-05 11:01:04.041422+05:30,226.65,,2736450
2025-09-05 11:01:04.155060+05:30,226.65,,2736450
2025-09-05 11:01:04.402328+05:30,226.05,,2736450
2025-09-05 11:01:04.473868+05:30,225.65,,2736450
2025-09-05 11:01:04.677219+05:30,225.65,,2736450
2025-09-05 11:01:04.810721+05:30,225.65,,2736450
2025-09-05 11:01:04.845582+05:30,226.35,,2736450
2025-09-05 11:01:05.085387+05:30,226.35,,2736450
2025-09-05 11:01:05.145351+05:30,226.35,,2736450
2025-09-05 11:01:05.283649+05:30,226.85,,2736450
2025-09-05 11:01:05.464347+05:30,226.2,,2736450
2025-09-05 11:01:05.625715+05:30,226.0,,2736450
2025-09-05 11:01:05.791184+05:30,225.85,,2736450
2025-09-05 11:01:05.970109+05:30,225.75,,2736450
2025-09-05 11:01:06.209230+05:30,225.75,,2736450
2025-09-05 11:01:06.351889+05:30,225.75,,2736450
2025-09-05 11:01:06.495508+05:30,225.75,,2736450
2025-09-05 11:01:06.569969+05:30,225.9,,2736450
2025-09-05 11:01:06.706470+05:30,225.9,,2736450
2025-09-05 11:01:06.813760+05:30,225.9,,2736450
2025-09-05 11:01:06.904381+05:30,225.0,,2728125
2025-09-05 11:01:07.000759+05:30,225.0,,2728125
2025-09-05 11:01:07.259775+05:30,224.35,,2728125
2025-09-05 11:01:07.330264+05:30,223.95,,2728125
2025-09-05 11:01:07.466974+05:30,223.65,,2728125
2025-09-05 11:01:07.555465+05:30,223.65,,2728125
2025-09-05 11:01:07.612898+05:30,224.45,,2728125
2025-09-05 11:01:07.705224+05:30,224.35,,2728125
2025-09-05 11:01:07.712430+05:30,225.45,,2728125
2025-09-05 11:01:07.786552+05:30,228.0,,2728125
2025-09-05 11:01:07.904707+05:30,225.55,,2728125
2025-09-05 11:01:07.954970+05:30,225.55,,2728125
2025-09-05 11:01:08.090695+05:30,225.8,,2728125
2025-09-05 11:01:08.219825+05:30,226.95,,2728125
2025-09-05 11:01:08.413126+05:30,226.25,,2728125
2025-09-05 11:01:08.516917+05:30,226.25,,2728125
2025-09-05 11:01:08.577883+05:30,226.1,,2728125
2025-09-05 11:01:08.631952+05:30,226.1,,2728125
2025-09-05 11:01:08.787592+05:30,226.1,,2728125
2025-09-05 11:01:08.942747+05:30,227.1,,2728125
2025-09-05 11:01:08.957857+05:30,227.1,,2728125
2025-09-05 11:01:09.012932+05:30,227.1,,2728125
2025-09-05 11:01:09.144179+05:30,227.5,,2728125
2025-09-05 11:01:09.312258+05:30,227.25,,2728125
2025-09-05 11:01:09.384614+05:30,227.25,,2728125
2025-09-05 11:01:09.504330+05:30,227.25,,2728125
2025-09-05 11:01:09.625161+05:30,226.75,,2728125
2025-09-05 11:01:09.674172+05:30,227.15,,2728125
2025-09-05 11:01:09.948932+05:30,226.55,,2728125
2025-09-05 11:01:10.104391+05:30,226.55,,2728125
2025-09-05 11:01:10.200720+05:30,226.5,,2728125
2025-09-05 11:01:10.364849+05:30,226.35,,2728125
2025-09-05 11:01:10.425362+05:30,226.15,,2728125
2025-09-05 11:01:10.594741+05:30,226.45,,2728125
2025-09-05 11:01:10.655162+05:30,226.45,,2728125
2025-09-05 11:01:10.783248+05:30,226.3,,2728125
2025-09-05 11:01:11.073209+05:30,226.25,,2728125
2025-09-05 11:01:11.220806+05:30,226.25,,2728125
2025-09-05 11:01:11.414114+05:30,225.8,,2728125
2025-09-05 11:01:11.455698+05:30,225.45,,2728125
2025-09-05 11:01:11.755346+05:30,225.45,,2728125
2025-09-05 11:01:11.912534+05:30,224.8,,2728125
2025-09-05 11:01:12.025960+05:30,224.8,,2728125
2025-09-05 11:01:12.231137+05:30,224.9,,2728125
2025-09-05 11:01:12.351898+05:30,224.9,,2728125
2025-09-05 11:01:12.440973+05:30,224.3,,2728125
2025-09-05 11:01:12.675425+05:30,224.8,,2728125
2025-09-05 11:01:12.786369+05:30,223.45,,2728125
2025-09-05 11:01:12.935140+05:30,224.7,,2728125
2025-09-05 11:01:13.011154+05:30,224.7,,2728125
2025-09-05 11:01:13.111261+05:30,224.7,,2728125
2025-09-05 11:01:13.255884+05:30,224.7,,2728125
2025-09-05 11:01:13.446795+05:30,223.6,,2728125
2025-09-05 11:01:13.546377+05:30,222.35,,2728125
2025-09-05 11:01:13.618732+05:30,223.25,,2728125
2025-09-05 11:01:13.776085+05:30,222.6,,2728125
2025-09-05 11:01:13.869613+05:30,223.55,,2728125
2025-09-05 11:01:13.920059+05:30,223.55,,2728125
2025-09-05 11:01:14.064439+05:30,223.0,,2728125
2025-09-05 11:01:14.169320+05:30,222.8,,2728125
2025-09-05 11:01:14.303234+05:30,222.8,,2728125
2025-09-05 11:01:14.518496+05:30,224.3,,2728125
2025-09-05 11:01:14.650152+05:30,224.0,,2728125
2025-09-05 11:01:14.823895+05:30,224.2,,2728125
2025-09-05 11:01:14.955712+05:30,224.55,,2728125
2025-09-05 11:01:15.033522+05:30,224.2,,2728125
2025-09-05 11:01:15.216785+05:30,224.2,,2728125
2025-09-05 11:01:15.374498+05:30,224.2,,2728125
2025-09-05 11:01:15.605174+05:30,224.35,,2728125
2025-09-05 11:01:15.681253+05:30,223.35,,2728125
2025-09-05 11:01:15.912328+05:30,224.1,,2728125
2025-09-05 11:01:15.962263+05:30,223.9,,2728125
2025-09-05 11:01:16.120648+05:30,223.85,,2728125
2025-09-05 11:01:16.226420+05:30,222.95,,2728125
2025-09-05 11:01:16.386831+05:30,222.8,,2728125
2025-09-05 11:01:16.628643+05:30,222.65,,2728125
2025-09-05 11:01:16.824992+05:30,223.4,,2728125
2025-09-05 11:01:16.926798+05:30,223.3,,2728125
2025-09-05 11:01:16.991235+05:30,223.3,,2728125
2025-09-05 11:01:17.128881+05:30,223.3,,2728125
2025-09-05 11:01:17.302467+05:30,222.95,,2728125
2025-09-05 11:01:17.522971+05:30,222.95,,2728125
2025-09-05 11:01:17.701807+05:30,222.75,,2728125
2025-09-05 11:01:17.863838+05:30,222.95,,2728125
2025-09-05 11:01:17.951257+05:30,222.3,,2728125
2025-09-05 11:01:18.172574+05:30,221.75,,2728125
2025-09-05 11:01:18.364308+05:30,221.65,,2728125
2025-09-05 11:01:18.456452+05:30,221.65,,2728125
2025-09-05 11:01:18.612754+05:30,222.9,,2728125
2025-09-05 11:01:18.650470+05:30,223.05,,2728125
2025-09-05 11:01:18.694349+05:30,222.35,,2728125
2025-09-05 11:01:18.829392+05:30,222.85,,2728125
2025-09-05 11:01:19.211676+05:30,223.3,,2728125
2025-09-05 11:01:19.662191+05:30,223.7,,2728125
2025-09-05 11:01:20.239619+05:30,224.0,,2728125
2025-09-05 11:01:20.712403+05:30,223.5,,2728125
2025-09-05 11:01:21.230801+05:30,223.9,,2728125
2025-09-05 11:01:21.640809+05:30,223.9,,2728125
2025-09-05 11:01:22.410350+05:30,223.9,,2728125
2025-09-05 11:01:23.390851+05:30,223.9,,2728125
2025-09-05 11:01:23.996937+05:30,223.2,,2728125
2025-09-05 11:01:24.640643+05:30,223.45,,2728125
2025-09-05 11:01:25.172086+05:30,223.45,,2728125
2025-09-05 11:01:25.446238+05:30,224.35,,2728125
2025-09-05 11:01:25.702132+05:30,226.0,,2728125
2025-09-05 11:01:26.167506+05:30,226.0,,2728125
2025-09-05 11:01:26.702194+05:30,225.95,,2728125
2025-09-05 11:01:26.916309+05:30,226.1,,2728125
2025-09-05 11:01:27.245595+05:30,226.45,,2728125
2025-09-05 11:01:27.670553+05:30,226.45,,2728125
2025-09-05 11:01:28.281739+05:30,226.45,,2728125
2025-09-05 11:01:28.390801+05:30,225.95,,2728125
2025-09-05 11:01:28.646150+05:30,226.1,,2728125
2025-09-05 11:01:28.955949+05:30,225.75,,2728125
2025-09-05 11:01:30.042697+05:30,226.0,,2728125
2025-09-05 11:01:30.140991+05:30,226.0,,2728125
2025-09-05 11:01:30.419396+05:30,226.0,,2728125
2025-09-05 11:01:30.680271+05:30,225.85,,2728125
2025-09-05 11:01:31.209752+05:30,225.85,,2728125
2025-09-05 11:01:31.788904+05:30,226.2,,2728125
2025-09-05 11:01:32.234308+05:30,226.7,,2728125
2025-09-05 11:01:32.641038+05:30,226.7,,2728125
2025-09-05 11:01:33.272633+05:30,226.7,,2728125
2025-09-05 11:01:33.478648+05:30,227.15,,2728125
2025-09-05 11:01:33.705978+05:30,226.05,,2728125
2025-09-05 11:01:33.907378+05:30,226.05,,2728125
2025-09-05 11:01:34.891749+05:30,225.8,,2728125
2025-09-05 11:01:35.448314+05:30,225.75,,2728125
2025-09-05 11:01:35.690070+05:30,225.75,,2728125
2025-09-05 11:01:36.140741+05:30,225.7,,2728125
2025-09-05 11:01:36.778922+05:30,225.45,,2728125
2025-09-05 11:01:37.187624+05:30,225.0,,2728125
2025-09-05 11:01:37.657781+05:30,224.5,,2728125
2025-09-05 11:01:38.176328+05:30,224.1,,2728125
2025-09-05 11:01:38.662567+05:30,223.25,,2728125
2025-09-05 11:01:38.934888+05:30,223.25,,2728125
2025-09-05 11:01:39.695308+05:30,222.35,,2728125
2025-09-05 11:01:40.223835+05:30,222.65,,2728125
2025-09-05 11:01:40.447085+05:30,222.6,,2728125
2025-09-05 11:01:40.637967+05:30,222.6,,2728125
2025-09-05 11:01:41.216789+05:30,222.6,,2728125
2025-09-05 11:01:41.640702+05:30,222.4,,2728125
2025-09-05 11:01:42.140695+05:30,222.4,,2728125
2025-09-05 11:01:42.702126+05:30,224.2,,2728125
2025-09-05 11:01:43.190183+05:30,224.35,,2728125
2025-09-05 11:01:43.668286+05:30,224.35,,2728125
2025-09-05 11:01:43.890970+05:30,224.35,,2728125
2025-09-05 11:01:44.690518+05:30,223.05,,2728125
2025-09-05 11:01:44.981033+05:30,222.85,,2728125
2025-09-05 11:01:45.416153+05:30,222.85,,2728125
2025-09-05 11:01:45.685770+05:30,223.15,,2728125
2025-09-05 11:01:46.159298+05:30,222.45,,2728125
2025-09-05 11:01:46.636555+05:30,223.0,,2728125
2025-09-05 11:01:47.207231+05:30,223.0,,2728125
2025-09-05 11:01:47.661194+05:30,223.4,,2728125
2025-09-05 11:01:48.252262+05:30,222.75,,2728125
2025-09-05 11:01:48.690221+05:30,222.75,,2728125
2025-09-05 11:01:48.950179+05:30,222.85,,2728125
2025-09-05 11:01:49.673619+05:30,222.85,,2728125
2025-09-05 11:01:50.171751+05:30,223.4,,2728125
2025-09-05 11:01:50.390977+05:30,223.6,,2728125
2025-09-05 11:01:50.910896+05:30,223.6,,2728125
2025-09-05 11:01:51.214704+05:30,223.35,,2728125
2025-09-05 11:01:51.696522+05:30,223.65,,2728125
2025-09-05 11:01:52.226060+05:30,222.65,,2728125
2025-09-05 11:01:52.700542+05:30,222.5,,2728125
2025-09-05 11:01:53.244340+05:30,222.5,,2728125
2025-09-05 11:01:53.412951+05:30,222.5,,2728125
2025-09-05 11:01:53.734192+05:30,223.0,,2728125
2025-09-05 11:01:54.140585+05:30,223.0,,2728125
2025-09-05 11:01:54.640703+05:30,222.45,,2728125
2025-09-05 11:01:54.977909+05:30,222.45,,2728125
2025-09-05 11:01:55.444984+05:30,222.45,,2728125
2025-09-05 11:01:55.978565+05:30,222.0,,2728125
2025-09-05 11:01:56.675115+05:30,222.15,,2728125
2025-09-05 11:01:57.140661+05:30,221.35,,2728125
2025-09-05 11:01:57.642996+05:30,221.35,,2728125
2025-09-05 11:01:58.186096+05:30,221.25,,2728125
2025-09-05 11:01:58.640456+05:30,221.25,,2728125
2025-09-05 11:01:59.141827+05:30,220.55,,2728125
2025-09-05 11:01:59.674937+05:30,220.8,,2728125
2025-09-05 11:01:59.919888+05:30,220.8,,2728125
2025-09-05 11:02:00.451127+05:30,220.8,,2728125
2025-09-05 11:02:00.892474+05:30,220.5,,2728125
2025-09-05 11:02:01.198199+05:30,221.45,,2728125
2025-09-05 11:02:01.488132+05:30,220.5,,2728125
2025-09-05 11:02:01.999144+05:30,220.6,,2728125
2025-09-05 11:02:02.140485+05:30,221.05,,2728125
2025-09-05 11:02:02.643382+05:30,221.55,,2728125
2025-09-05 11:02:03.180565+05:30,221.0,,2728125
2025-09-05 11:02:03.662236+05:30,220.9,,2728125
2025-09-05 11:02:04.217301+05:30,220.9,,2728125
2025-09-05 11:02:04.640481+05:30,221.35,,2728125
2025-09-05 11:02:05.186309+05:30,220.9,,2728125
2025-09-05 11:02:05.640727+05:30,221.95,,2728125
2025-09-05 11:02:06.203038+05:30,221.9,,2728125
2025-09-05 11:02:06.420663+05:30,221.9,,2728125
2025-09-05 11:02:06.756741+05:30,221.9,,2728125
2025-09-05 11:02:07.170167+05:30,221.35,,2728125
2025-09-05 11:02:07.656118+05:30,222.0,,2728125
2025-09-05 11:02:08.210252+05:30,222.0,,2728125
2025-09-05 11:02:08.640519+05:30,220.5,,2728125
2025-09-05 11:02:09.162476+05:30,220.5,,2728125
2025-09-05 11:02:10.002909+05:30,219.7,,2728125
2025-09-05 11:02:10.448574+05:30,219.7,,2728125
2025-09-05 11:02:10.714993+05:30,219.3,,2728125
2025-09-05 11:02:11.176492+05:30,219.9,,2728125
2025-09-05 11:02:11.660139+05:30,220.6,,2728125
2025-09-05 11:02:11.890667+05:30,220.95,,2728125
2025-09-05 11:02:12.645368+05:30,221.05,,2728125
2025-09-05 11:02:12.929500+05:30,221.05,,2728125
2025-09-05 11:02:13.685247+05:30,221.7,,2728125
2025-09-05 11:02:14.162272+05:30,221.05,,2728125
2025-09-05 11:02:14.672521+05:30,223.05,,2728125
2025-09-05 11:02:15.143369+05:30,222.75,,2728125
2025-09-05 11:02:15.684562+05:30,222.4,,2728125
2025-09-05 11:02:16.179951+05:30,223.4,,2728125
2025-09-05 11:02:16.500652+05:30,222.8,,2728125
2025-09-05 11:02:16.679452+05:30,222.65,,2728125
2025-09-05 11:02:17.140721+05:30,222.9,,2728125
2025-09-05 11:02:17.663885+05:30,223.45,,2728125
2025-09-05 11:02:17.961640+05:30,223.45,,2728125
2025-09-05 11:02:18.414421+05:30,222.85,,2728125
2025-09-05 11:02:18.710117+05:30,222.5,,2728125
2025-09-05 11:02:19.136080+05:30,222.5,,2728125
2025-09-05 11:02:19.636310+05:30,222.9,,2728125
2025-09-05 11:02:19.954225+05:30,222.9,,2728125
2025-09-05 11:02:20.137077+05:30,222.9,,2728125
2025-09-05 11:02:20.667290+05:30,222.45,,2728125
2025-09-05 11:02:21.157110+05:30,222.9,,2728125
2025-09-05 11:02:21.701639+05:30,222.9,,2728125
2025-09-05 11:02:22.140789+05:30,222.25,,2728125
2025-09-05 11:02:22.640346+05:30,222.1,,2728125
2025-09-05 11:02:23.190605+05:30,223.0,,2728125
2025-09-05 11:02:23.486749+05:30,222.5,,2728125
2025-09-05 11:02:23.675629+05:30,222.5,,2728125
2025-09-05 11:02:24.146033+05:30,222.8,,2728125
2025-09-05 11:02:24.682082+05:30,222.8,,2728125
2025-09-05 11:02:25.140468+05:30,221.7,,2728125
2025-09-05 11:02:25.676643+05:30,222.1,,2728125
2025-09-05 11:02:26.194946+05:30,222.4,,2728125
2025-09-05 11:02:27.006381+05:30,222.5,,2728125
2025-09-05 11:02:27.180722+05:30,222.5,,2728125
2025-09-05 11:02:27.390797+05:30,222.5,,2728125
2025-09-05 11:02:27.683642+05:30,222.25,,2728125
2025-09-05 11:02:28.141361+05:30,222.25,,2728125
2025-09-05 11:02:28.933285+05:30,222.5,,2728125
2025-09-05 11:02:29.148284+05:30,222.5,,2728125
2025-09-05 11:02:29.655255+05:30,222.3,,2728125
2025-09-05 11:02:30.140395+05:30,222.65,,2728125
2025-09-05 11:02:30.707641+05:30,222.65,,2728125
2025-09-05 11:02:30.950176+05:30,222.35,,2728125
2025-09-05 11:02:31.140439+05:30,222.0,,2728125
2025-09-05 11:02:31.744889+05:30,221.95,,2728125
2025-09-05 11:02:32.200174+05:30,221.8,,2728125
2025-09-05 11:02:32.440125+05:30,222.25,,2728125
2025-09-05 11:02:32.662221+05:30,222.25,,2728125
2025-09-05 11:02:33.159696+05:30,221.85,,2728125
2025-09-05 11:02:33.667558+05:30,221.95,,2728125
2025-09-05 11:02:34.140359+05:30,222.8,,2728125
2025-09-05 11:02:34.640267+05:30,222.25,,2728125
2025-09-05 11:02:35.225543+05:30,222.15,,2728125
2025-09-05 11:02:35.641177+05:30,223.9,,2728125
2025-09-05 11:02:36.205065+05:30,223.55,,2728125
2025-09-05 11:02:36.699933+05:30,223.55,,2728125
2025-09-05 11:02:37.216487+05:30,223.65,,2728125
2025-09-05 11:02:37.668368+05:30,223.6,,2728125
2025-09-05 11:02:38.145325+05:30,223.6,,2728125
2025-09-05 11:02:38.684036+05:30,223.3,,2728125
2025-09-05 11:02:39.170804+05:30,223.3,,2728125
2025-09-05 11:02:39.644399+05:30,223.45,,2728125
2025-09-05 11:02:39.890626+05:30,224.1,,2728125
2025-09-05 11:02:40.636602+05:30,224.45,,2728125
2025-09-05 11:02:41.157654+05:30,224.45,,2728125
2025-09-05 11:02:41.661800+05:30,224.7,,2728125
2025-09-05 11:02:42.181790+05:30,223.85,,2728125
2025-09-05 11:02:42.636622+05:30,223.35,,2728125
2025-09-05 11:02:42.958802+05:30,223.35,,2728125
2025-09-05 11:02:43.158727+05:30,223.35,,2728125
2025-09-05 11:02:43.635744+05:30,223.3,,2728125
2025-09-05 11:02:43.988802+05:30,223.35,,2728125
2025-09-05 11:02:44.391481+05:30,223.3,,2728125
2025-09-05 11:02:44.640243+05:30,223.3,,2728125
2025-09-05 11:02:45.234308+05:30,223.05,,2728125
2025-09-05 11:02:45.646794+05:30,223.55,,2728125
2025-09-05 11:02:46.135427+05:30,223.1,,2728125
2025-09-05 11:02:46.675152+05:30,223.1,,2728125
2025-09-05 11:02:47.140297+05:30,223.9,,2728125
2025-09-05 11:02:47.648410+05:30,224.15,,2728125
2025-09-05 11:02:47.942955+05:30,224.2,,2728125
2025-09-05 11:02:48.683756+05:30,224.4,,2728125
2025-09-05 11:02:49.033412+05:30,223.85,,2728125
2025-09-05 11:02:49.393390+05:30,223.6,,2728125
2025-09-05 11:02:49.638432+05:30,223.3,,2728125
2025-09-05 11:02:50.183606+05:30,223.3,,2728125
2025-09-05 11:02:50.397438+05:30,223.35,,2728125
2025-09-05 11:02:50.694736+05:30,223.35,,2728125
2025-09-05 11:02:51.184531+05:30,223.0,,2728125
2025-09-05 11:02:51.640170+05:30,223.6,,2728125
2025-09-05 11:02:52.140294+05:30,223.6,,2728125
2025-09-05 11:02:52.706132+05:30,223.5,,2728125
2025-09-05 11:02:53.140152+05:30,223.3,,2728125
2025-09-05 11:02:53.696098+05:30,223.0,,2728125
2025-09-05 11:02:54.001342+05:30,223.0,,2728125
2025-09-05 11:02:54.473353+05:30,223.0,,2728125
2025-09-05 11:02:55.390346+05:30,224.5,,2728125
2025-09-05 11:02:55.994637+05:30,224.05,,2728125
2025-09-05 11:02:57.178375+05:30,224.05,,2728125
2025-09-05 11:02:57.466581+05:30,223.3,,2728125
2025-09-05 11:02:57.640132+05:30,224.05,,2728125
2025-09-05 11:02:58.190981+05:30,224.05,,2728125
2025-09-05 11:02:58.789322+05:30,224.3,,2728125
2025-09-05 11:02:58.965734+05:30,224.35,,2728125
2025-09-05 11:02:59.168460+05:30,224.35,,2728125
2025-09-05 11:03:00.020211+05:30,224.35,,2728125
2025-09-05 11:03:00.197771+05:30,224.75,,2728125
2025-09-05 11:03:00.456133+05:30,224.7,,2728125
2025-09-05 11:03:00.955862+05:30,224.25,,2728125
2025-09-05 11:03:01.144450+05:30,224.25,,2728125
2025-09-05 11:03:01.943510+05:30,224.4,,2728125
2025-09-05 11:03:02.212383+05:30,224.4,,2728125
2025-09-05 11:03:02.711830+05:30,224.35,,2728125
2025-09-05 11:03:02.890170+05:30,224.8,,2728125
2025-09-05 11:03:03.641163+05:30,223.95,,2728125
2025-09-05 11:03:04.160858+05:30,224.65,,2728125
2025-09-05 11:03:04.961384+05:30,223.8,,2728125
2025-09-05 11:03:05.385743+05:30,223.8,,2728125
2025-09-05 11:03:05.963333+05:30,224.65,,2728125
2025-09-05 11:03:06.168050+05:30,224.65,,2728125
2025-09-05 11:03:07.011150+05:30,224.8,,2728125
2025-09-05 11:03:07.172685+05:30,224.8,,2728125
2025-09-05 11:03:07.641428+05:30,224.55,,2728125
2025-09-05 11:03:08.148429+05:30,224.45,,2728125
2025-09-05 11:03:08.635042+05:30,225.35,,2728125
2025-09-05 11:03:09.188753+05:30,225.6,,2728125
2025-09-05 11:03:10.001876+05:30,225.0,,2728125
2025-09-05 11:03:10.194738+05:30,224.7,,2728125
2025-09-05 11:03:10.990697+05:30,224.55,,2728125
2025-09-05 11:03:11.145228+05:30,224.55,,2728125
2025-09-05 11:03:11.951172+05:30,224.4,,2728125
2025-09-05 11:03:12.217068+05:30,224.4,,2728125
2025-09-05 11:03:12.390470+05:30,224.4,,2728125
2025-09-05 11:03:12.994586+05:30,224.4,,2728125
2025-09-05 11:03:13.185625+05:30,225.15,,2728125
2025-09-05 11:03:13.656787+05:30,226.5,,2728125
2025-09-05 11:03:14.140509+05:30,225.6,,2728125
2025-09-05 11:03:14.950429+05:30,225.55,,2728125
2025-09-05 11:03:15.429076+05:30,225.9,,2728125
2025-09-05 11:03:15.705424+05:30,225.15,,2728125
2025-09-05 11:03:16.160457+05:30,225.5,,2728125
2025-09-05 11:03:16.989548+05:30,225.65,,2728125
2025-09-05 11:03:17.180835+05:30,225.65,,2728125
2025-09-05 11:03:17.640001+05:30,225.65,,2728125
2025-09-05 11:03:17.913223+05:30,224.9,,2728125
2025-09-05 11:03:18.199450+05:30,224.9,,2728125
2025-09-05 11:03:18.453235+05:30,225.7,,2728125
2025-09-05 11:03:18.890211+05:30,225.7,,2728125
2025-09-05 11:03:19.182062+05:30,225.7,,2728125
2025-09-05 11:03:19.992260+05:30,225.0,,2728125
2025-09-05 11:03:20.164518+05:30,225.0,,2728125
2025-09-05 11:03:20.635114+05:30,226.0,,2728125
2025-09-05 11:03:20.936908+05:30,226.0,,2728125
2025-09-05 11:03:21.724687+05:30,225.95,,2728125
2025-09-05 11:03:22.208241+05:30,226.9,,2728125
2025-09-05 11:03:22.440657+05:30,226.45,,2728125
2025-09-05 11:03:22.954687+05:30,226.45,,2728125
2025-09-05 11:03:23.145666+05:30,226.35,,2728125
2025-09-05 11:03:23.657315+05:30,226.8,,2728125
2025-09-05 11:03:23.929773+05:30,226.15,,2728125
2025-09-05 11:03:24.961420+05:30,226.45,,2728125
2025-09-05 11:03:25.192341+05:30,226.5,,2728125
2025-09-05 11:03:25.467439+05:30,226.6,,2728125
2025-09-05 11:03:25.994460+05:30,226.35,,2728125
2025-09-05 11:03:26.900853+05:30,226.65,,2728125
2025-09-05 11:03:27.197502+05:30,226.8,,2728125
2025-09-05 11:03:27.926300+05:30,227.0,,2728125
2025-09-05 11:03:28.140136+05:30,226.95,,2728125
2025-09-05 11:03:28.412717+05:30,226.9,,2728125
2025-09-05 11:03:28.955485+05:30,226.95,,2728125
2025-09-05 11:03:29.220090+05:30,227.45,,2728125
2025-09-05 11:03:29.993774+05:30,227.8,,2728125
2025-09-05 11:03:30.675342+05:30,227.7,,2728125
2025-09-05 11:03:30.925611+05:30,227.45,,2728125
2025-09-05 11:03:31.992480+05:30,228.15,,2728125
2025-09-05 11:03:32.217599+05:30,228.1,,2728125
2025-09-05 11:03:32.986680+05:30,227.7,,2728125
2025-09-05 11:03:33.224243+05:30,227.7,,2728125
2025-09-05 11:03:33.634893+05:30,228.0,,2728125
2025-09-05 11:03:34.140055+05:30,228.2,,2728125
2025-09-05 11:03:34.999448+05:30,228.95,,2728125
2025-09-05 11:03:35.231290+05:30,228.95,,2728125
2025-09-05 11:03:35.658352+05:30,228.15,,2728125
2025-09-05 11:03:35.904406+05:30,228.15,,2728125
2025-09-05 11:03:36.249591+05:30,227.55,,2728125
2025-09-05 11:03:36.940023+05:30,228.85,,2728125
2025-09-05 11:03:37.156497+05:30,229.0,,2728125
2025-09-05 11:03:37.982608+05:30,228.35,,2728125
2025-09-05 11:03:38.204459+05:30,228.9,,2728125
2025-09-05 11:03:38.464095+05:30,229.4,,2728125
2025-09-05 11:03:38.657135+05:30,229.6,,2728125
2025-09-05 11:03:39.191117+05:30,229.05,,2728125
2025-09-05 11:03:39.966711+05:30,229.6,,2728125
2025-09-05 11:03:40.139919+05:30,229.85,,2742825
2025-09-05 11:03:40.437967+05:30,229.8,,2742825
2025-09-05 11:03:40.934443+05:30,229.85,,2742825
2025-09-05 11:03:41.238355+05:30,229.85,,2742825
2025-09-05 11:03:41.942742+05:30,228.3,,2742825
2025-09-05 11:03:42.145485+05:30,228.25,,2742825
2025-09-05 11:03:42.891654+05:30,228.0,,2742825
2025-09-05 11:03:43.211116+05:30,228.35,,2742825
2025-09-05 11:03:43.411807+05:30,227.0,,2742825
2025-09-05 11:03:43.640102+05:30,227.1,,2742825
2025-09-05 11:03:44.151908+05:30,227.8,,2742825
2025-09-05 11:03:44.933438+05:30,226.35,,2742825
2025-09-05 11:03:45.161818+05:30,225.7,,2742825
2025-09-05 11:03:45.943802+05:30,227.3,,2742825
2025-09-05 11:03:46.702679+05:30,227.85,,2742825
2025-09-05 11:03:47.219157+05:30,227.85,,2742825
2025-09-05 11:03:48.010989+05:30,229.6,,2742825
2025-09-05 11:03:48.409374+05:30,229.6,,2742825
2025-09-05 11:03:48.689383+05:30,229.3,,2742825
2025-09-05 11:03:49.164641+05:30,229.9,,2742825
2025-09-05 11:03:49.999632+05:30,229.75,,2742825
2025-09-05 11:03:50.202977+05:30,229.6,,2742825
2025-09-05 11:03:50.434612+05:30,229.6,,2742825
2025-09-05 11:03:50.890028+05:30,229.3,,2742825
2025-09-05 11:03:51.189181+05:30,229.25,,2742825
2025-09-05 11:03:51.640171+05:30,229.5,,2742825
2025-09-05 11:03:52.137572+05:30,229.2,,2742825
2025-09-05 11:03:52.950648+05:30,230.0,,2742825
2025-09-05 11:03:53.206274+05:30,230.0,,2742825
2025-09-05 11:03:53.396209+05:30,231.3,,2742825
2025-09-05 11:03:53.651185+05:30,231.15,,2742825
2025-09-05 11:03:53.890324+05:30,231.15,,2742825
2025-09-05 11:03:54.135211+05:30,231.65,,2742825
2025-09-05 11:03:54.958960+05:30,230.95,,2742825
2025-09-05 11:03:55.181662+05:30,230.5,,2742825
2025-09-05 11:03:55.408035+05:30,230.9,,2742825
2025-09-05 11:03:55.889859+05:30,230.35,,2742825
2025-09-05 11:03:56.212943+05:30,230.9,,2742825
2025-09-05 11:03:56.653874+05:30,230.55,,2742825
2025-09-05 11:03:56.917313+05:30,230.0,,2742825
2025-09-05 11:03:57.169160+05:30,230.2,,2742825
2025-09-05 11:03:57.961163+05:30,229.55,,2742825
2025-09-05 11:03:58.140526+05:30,230.15,,2742825
2025-09-05 11:03:58.390539+05:30,229.5,,2742825
2025-09-05 11:03:58.640208+05:30,229.45,,2742825
2025-09-05 11:03:58.903969+05:30,229.7,,2742825
2025-09-05 11:03:59.161535+05:30,229.75,,2742825
2025-09-05 11:03:59.892582+05:30,229.7,,2742825
2025-09-05 11:04:00.237210+05:30,229.25,,2742825
2025-09-05 11:04:00.434180+05:30,229.25,,2742825
2025-09-05 11:04:00.909208+05:30,229.25,,2742825
2025-09-05 11:04:01.177734+05:30,229.45,,2742825
2025-09-05 11:04:01.884904+05:30,229.25,,2742825
2025-09-05 11:04:02.188029+05:30,229.25,,2742825
2025-09-05 11:04:02.928223+05:30,228.2,,2742825
2025-09-05 11:04:03.214224+05:30,228.55,,2742825
2025-09-05 11:04:03.636287+05:30,229.5,,2742825
2025-09-05 11:04:03.918167+05:30,229.5,,2742825
2025-09-05 11:04:04.233708+05:30,228.95,,2742825
2025-09-05 11:04:04.887731+05:30,227.65,,2742825
2025-09-05 11:04:05.182314+05:30,227.25,,2742825
2025-09-05 11:04:05.385533+05:30,227.5,,2742825
2025-09-05 11:04:05.901424+05:30,226.5,,2742825
2025-09-05 11:04:06.195608+05:30,227.35,,2742825
2025-09-05 11:04:06.661998+05:30,227.35,,2742825
2025-09-05 11:04:06.916330+05:30,227.35,,2742825
2025-09-05 11:04:07.413577+05:30,226.8,,2742825
2025-09-05 11:04:07.890481+05:30,226.3,,2742825
2025-09-05 11:04:08.139861+05:30,226.0,,2742825
2025-09-05 11:04:08.639798+05:30,226.0,,2742825
2025-09-05 11:04:08.890248+05:30,226.0,,2742825
2025-09-05 11:04:09.181641+05:30,226.3,,2742825
2025-09-05 11:04:09.908793+05:30,225.6,,2742825
2025-09-05 11:04:10.136552+05:30,225.6,,2742825
2025-09-05 11:04:10.470108+05:30,225.55,,2742825
2025-09-05 11:04:10.894631+05:30,225.55,,2742825
2025-09-05 11:04:11.152074+05:30,225.15,,2742825
2025-09-05 11:04:11.653986+05:30,225.15,,2742825
2025-09-05 11:04:11.902976+05:30,226.0,,2742825
2025-09-05 11:04:12.135245+05:30,226.0,,2742825
2025-09-05 11:04:12.911026+05:30,226.55,,2742825
2025-09-05 11:04:13.309866+05:30,226.55,,2742825
2025-09-05 11:04:13.642536+05:30,226.55,,2742825
2025-09-05 11:04:13.902175+05:30,227.25,,2742825
2025-09-05 11:04:14.977759+05:30,226.65,,2742825
2025-09-05 11:04:15.145329+05:30,226.65,,2742825
2025-09-05 11:04:15.928525+05:30,226.8,,2742825
2025-09-05 11:04:16.167062+05:30,226.75,,2742825
2025-09-05 11:04:16.681074+05:30,226.15,,2742825
2025-09-05 11:04:16.889824+05:30,226.15,,2742825
2025-09-05 11:04:17.167104+05:30,226.15,,2742825
2025-09-05 11:04:17.917787+05:30,226.1,,2742825
2025-09-05 11:04:18.272112+05:30,225.55,,2742825
2025-09-05 11:04:18.428263+05:30,225.05,,2742825
2025-09-05 11:04:18.938433+05:30,225.5,,2742825
2025-09-05 11:04:19.154663+05:30,225.5,,2742825
2025-09-05 11:04:19.953955+05:30,224.4,,2742825
2025-09-05 11:04:20.163469+05:30,224.95,,2742825
2025-09-05 11:04:20.899845+05:30,224.4,,2742825
2025-09-05 11:04:21.152245+05:30,224.8,,2742825
2025-09-05 11:04:21.648357+05:30,224.25,,2742825
2025-09-05 11:04:22.234462+05:30,224.75,,2742825
2025-09-05 11:04:22.931481+05:30,223.0,,2742825
2025-09-05 11:04:23.223366+05:30,223.0,,2742825
2025-09-05 11:04:23.393728+05:30,222.8,,2742825
2025-09-05 11:04:23.889713+05:30,222.85,,2742825
2025-09-05 11:04:24.178859+05:30,222.5,,2742825
2025-09-05 11:04:24.890119+05:30,222.85,,2742825
2025-09-05 11:04:25.137546+05:30,222.1,,2742825
2025-09-05 11:04:25.902398+05:30,221.75,,2742825
2025-09-05 11:04:26.215597+05:30,221.65,,2742825
2025-09-05 11:04:26.413163+05:30,221.0,,2742825
2025-09-05 11:04:26.896671+05:30,221.35,,2742825
2025-09-05 11:04:27.187747+05:30,220.9,,2742825
2025-09-05 11:04:27.918401+05:30,220.6,,2742825
2025-09-05 11:04:28.166695+05:30,220.95,,2742825
2025-09-05 11:04:28.460318+05:30,220.5,,2742825
2025-09-05 11:04:28.954433+05:30,220.65,,2742825
2025-09-05 11:04:29.222918+05:30,220.7,,2742825
2025-09-05 11:04:29.977567+05:30,220.25,,2742825
2025-09-05 11:04:30.270741+05:30,220.15,,2742825
2025-09-05 11:04:30.672974+05:30,220.15,,2742825
2025-09-05 11:04:31.508144+05:30,212.15,,2742825
2025-09-05 11:04:31.711647+05:30,211.7,,2742825
2025-09-05 11:04:32.225887+05:30,212.7,,2742825
2025-09-05 11:04:32.900356+05:30,212.95,,2742825
2025-09-05 11:04:33.218824+05:30,211.6,,2742825
2025-09-05 11:04:33.646674+05:30,212.1,,2742825
2025-09-05 11:04:33.915895+05:30,212.35,,2742825
2025-09-05 11:04:34.242185+05:30,213.3,,2742825
2025-09-05 11:04:34.909496+05:30,212.3,,2742825
2025-09-05 11:04:35.246551+05:30,212.25,,2742825
2025-09-05 11:04:35.976340+05:30,214.75,,2742825
2025-09-05 11:04:36.184609+05:30,214.65,,2742825
2025-09-05 11:04:36.425218+05:30,214.85,,2742825
2025-09-05 11:04:36.890104+05:30,214.9,,2742825
2025-09-05 11:04:37.210550+05:30,215.1,,2742825
2025-09-05 11:04:37.976558+05:30,214.75,,2742825
2025-09-05 11:04:38.206314+05:30,214.7,,2742825
2025-09-05 11:04:38.650463+05:30,214.9,,2742825
2025-09-05 11:04:38.895403+05:30,214.85,,2742825
2025-09-05 11:04:39.134737+05:30,215.25,,2742825
2025-09-05 11:04:39.921332+05:30,215.6,,2742825
2025-09-05 11:04:40.162319+05:30,215.55,,2742825
2025-09-05 11:04:40.911661+05:30,215.5,,2742825
2025-09-05 11:04:41.226324+05:30,216.3,,2742825
2025-09-05 11:04:41.639676+05:30,215.4,,2742825
2025-09-05 11:04:41.891845+05:30,215.1,,2742825
2025-09-05 11:04:42.170722+05:30,215.15,,2742825
2025-09-05 11:04:42.969499+05:30,215.3,,2742825
2025-09-05 11:04:43.280439+05:30,215.3,,2742825
2025-09-05 11:04:43.435282+05:30,215.25,,2742825
2025-09-05 11:04:43.893211+05:30,215.65,,2742825
2025-09-05 11:04:44.174294+05:30,215.35,,2742825
2025-09-05 11:04:44.639640+05:30,215.65,,2742825
2025-09-05 11:04:44.889666+05:30,215.45,,2742825
2025-09-05 11:04:45.141576+05:30,215.45,,2742825
2025-09-05 11:04:45.959701+05:30,216.55,,2742825
2025-09-05 11:04:46.141840+05:30,216.55,,2742825
2025-09-05 11:04:46.389973+05:30,215.85,,2742825
2025-09-05 11:04:46.949073+05:30,215.85,,2742825
2025-09-05 11:04:47.161431+05:30,216.3,,2742825
2025-09-05 11:04:47.895567+05:30,216.0,,2742825
2025-09-05 11:04:48.249426+05:30,216.0,,2742825
2025-09-05 11:04:48.665130+05:30,216.0,,2742825
2025-09-05 11:04:48.898678+05:30,216.3,,2742825
2025-09-05 11:04:49.184121+05:30,216.3,,2742825
2025-09-05 11:04:49.745343+05:30,213.8,,2742825
2025-09-05 11:04:49.889542+05:30,214.3,,2742825
2025-09-05 11:04:50.239682+05:30,215.15,,2742825
2025-09-05 11:04:50.906420+05:30,214.5,,2742825
2025-09-05 11:04:51.172495+05:30,214.35,,2742825
2025-09-05 11:04:51.394403+05:30,213.7,,2742825
2025-09-05 11:04:51.939928+05:30,213.9,,2742825
2025-09-05 11:04:52.222710+05:30,214.15,,2742825
2025-09-05 11:04:52.943904+05:30,213.85,,2742825
2025-09-05 11:04:53.194384+05:30,214.35,,2742825
2025-09-05 11:04:53.639846+05:30,213.3,,2742825
2025-09-05 11:04:53.945230+05:30,214.0,,2742825
2025-09-05 11:04:54.136775+05:30,213.5,,2742825
2025-09-05 11:04:54.953861+05:30,214.2,,2742825
2025-09-05 11:04:55.203381+05:30,213.6,,2742825
2025-09-05 11:04:55.935432+05:30,214.2,,2742825
2025-09-05 11:04:56.173703+05:30,214.05,,2742825
2025-09-05 11:04:56.479536+05:30,213.9,,2742825
2025-09-05 11:04:56.678148+05:30,213.9,,2742825
2025-09-05 11:04:56.924929+05:30,213.9,,2742825
2025-09-05 11:04:57.282033+05:30,213.75,,2742825
2025-09-05 11:04:57.939250+05:30,214.0,,2742825
2025-09-05 11:04:58.170878+05:30,213.5,,2742825
2025-09-05 11:04:58.411711+05:30,213.5,,2742825
2025-09-05 11:04:58.889392+05:30,214.15,,2742825
2025-09-05 11:04:59.141293+05:30,214.15,,2742825
2025-09-05 11:04:59.638363+05:30,212.0,,2742825
2025-09-05 11:04:59.987265+05:30,211.7,,2742825
2025-09-05 11:05:00.235535+05:30,211.25,,2742825
2025-09-05 11:05:00.462160+05:30,211.25,,2742825
2025-09-05 11:05:00.923991+05:30,211.9,,2742825
2025-09-05 11:05:01.163798+05:30,213.0,,2742825
2025-09-05 11:05:01.683710+05:30,213.3,,2742825
2025-09-05 11:05:02.244772+05:30,213.8,,2742825
2025-09-05 11:05:02.918424+05:30,213.8,,2742825
2025-09-05 11:05:03.166877+05:30,213.8,,2742825
2025-09-05 11:05:03.411727+05:30,214.35,,2742825
2025-09-05 11:05:03.971035+05:30,212.65,,2742825
2025-09-05 11:05:04.151259+05:30,212.2,,2742825
2025-09-05 11:05:04.691102+05:30,212.45,,2742825
2025-09-05 11:05:04.988130+05:30,212.55,,2742825
2025-09-05 11:05:05.227740+05:30,212.4,,2742825
2025-09-05 11:05:05.904522+05:30,212.2,,2742825
2025-09-05 11:05:06.222471+05:30,211.5,,2742825
2025-09-05 11:05:06.429383+05:30,211.55,,2742825
2025-09-05 11:05:06.675599+05:30,211.4,,2742825
2025-09-05 11:05:06.913659+05:30,211.35,,2742825
2025-09-05 11:05:07.171278+05:30,211.75,,2742825
2025-09-05 11:05:07.908057+05:30,212.05,,2742825
2025-09-05 11:05:08.165895+05:30,212.05,,2742825
2025-09-05 11:05:08.424166+05:30,212.7,,2742825
2025-09-05 11:05:08.981545+05:30,212.9,,2742825
2025-09-05 11:05:09.183851+05:30,213.7,,2742825
2025-09-05 11:05:09.740713+05:30,214.0,,2742825
2025-09-05 11:05:09.920138+05:30,213.6,,2742825
2025-09-05 11:05:10.193810+05:30,212.25,,2742825
2025-09-05 11:05:10.938424+05:30,211.6,,2742825
2025-09-05 11:05:11.220477+05:30,211.85,,2742825
2025-09-05 11:05:11.395490+05:30,211.9,,2742825
2025-09-05 11:05:11.636067+05:30,210.0,,2742825
2025-09-05 11:05:11.890621+05:30,209.95,,2742825
2025-09-05 11:05:12.268796+05:30,210.35,,2742825
2025-09-05 11:05:12.977188+05:30,211.0,,2742825
2025-09-05 11:05:13.257744+05:30,210.05,,2742825
2025-09-05 11:05:13.644599+05:30,210.45,,2742825
2025-09-05 11:05:13.938761+05:30,210.4,,2742825
2025-09-05 11:05:14.224397+05:30,210.7,,2742825
2025-09-05 11:05:14.889802+05:30,210.6,,2742825
2025-09-05 11:05:15.248132+05:30,210.6,,2742825
2025-09-05 11:05:15.889399+05:30,210.35,,2742825
2025-09-05 11:05:16.141350+05:30,210.3,,2742825
2025-09-05 11:05:16.394444+05:30,210.9,,2742825
2025-09-05 11:05:16.907719+05:30,210.55,,2742825
2025-09-05 11:05:17.181554+05:30,211.15,,2742825
2025-09-05 11:05:17.932649+05:30,214.0,,2742825
2025-09-05 11:05:18.153537+05:30,214.2,,2742825
2025-09-05 11:05:18.889579+05:30,214.6,,2742825
2025-09-05 11:05:19.166925+05:30,214.6,,2742825
2025-09-05 11:05:19.678889+05:30,214.4,,2742825
2025-09-05 11:05:19.906214+05:30,214.7,,2742825
2025-09-05 11:05:20.204524+05:30,214.4,,2742825
2025-09-05 11:05:20.889635+05:30,214.8,,2742825
2025-09-05 11:05:21.139417+05:30,215.25,,2742825
2025-09-05 11:05:21.389245+05:30,215.6,,2742825
2025-09-05 11:05:21.944341+05:30,216.3,,2742825
2025-09-05 11:05:22.249920+05:30,216.3,,2742825
2025-09-05 11:05:22.907929+05:30,216.6,,2742825
2025-09-05 11:05:23.217245+05:30,216.6,,2742825
2025-09-05 11:05:23.977789+05:30,217.35,,2742825
2025-09-05 11:05:24.237964+05:30,217.15,,2742825
2025-09-05 11:05:24.456864+05:30,217.25,,2742825
2025-09-05 11:05:24.639212+05:30,216.55,,2742825
2025-09-05 11:05:25.188811+05:30,216.95,,2742825
2025-09-05 11:05:25.909973+05:30,216.65,,2742825
2025-09-05 11:05:26.155116+05:30,216.75,,2742825
2025-09-05 11:05:26.397374+05:30,216.75,,2742825
2025-09-05 11:05:26.925029+05:30,217.15,,2742825
2025-09-05 11:05:27.248084+05:30,217.3,,2742825
2025-09-05 11:05:27.641109+05:30,216.85,,2742825
2025-09-05 11:05:28.200750+05:30,216.8,,2742825
2025-09-05 11:05:28.919493+05:30,216.7,,2742825
2025-09-05 11:05:29.169902+05:30,217.05,,2742825
2025-09-05 11:05:29.474605+05:30,217.05,,2742825
2025-09-05 11:05:29.639213+05:30,217.05,,2742825
2025-09-05 11:05:30.227821+05:30,217.0,,2742825
2025-09-05 11:05:30.450738+05:30,217.0,,2742825
2025-09-05 11:05:30.967764+05:30,217.65,,2742825
2025-09-05 11:05:31.249793+05:30,218.0,,2742825
2025-09-05 11:05:31.424551+05:30,218.0,,2742825
2025-09-05 11:05:31.911307+05:30,218.25,,2742825
2025-09-05 11:05:32.277860+05:30,218.25,,2742825
2025-09-05 11:05:32.959735+05:30,217.3,,2742825
2025-09-05 11:05:33.217485+05:30,217.95,,2742825
2025-09-05 11:05:33.893278+05:30,216.15,,2742825
2025-09-05 11:05:34.213270+05:30,216.6,,2742825
2025-09-05 11:05:34.535777+05:30,215.65,,2742825
2025-09-05 11:05:34.889278+05:30,215.65,,2742825
2025-09-05 11:05:35.135605+05:30,215.65,,2742825
2025-09-05 11:05:35.987545+05:30,216.0,,2742825
2025-09-05 11:05:36.151724+05:30,216.6,,2742825
2025-09-05 11:05:36.903353+05:30,216.25,,2742825
2025-09-05 11:05:37.183691+05:30,216.3,,2742825
2025-09-05 11:05:37.739625+05:30,216.3,,2742825
2025-09-05 11:05:37.920150+05:30,216.65,,2742825
2025-09-05 11:05:38.157303+05:30,216.65,,2742825
2025-09-05 11:05:38.900939+05:30,216.65,,2742825
2025-09-05 11:05:39.200312+05:30,216.45,,2742825
2025-09-05 11:05:39.639162+05:30,216.55,,2742825
2025-09-05 11:05:39.932583+05:30,216.55,,2742825
2025-09-05 11:05:40.229625+05:30,216.5,,2742825
2025-09-05 11:05:40.912955+05:30,216.45,,2742825
2025-09-05 11:05:41.139335+05:30,216.9,,2742825
2025-09-05 11:05:41.948717+05:30,217.0,,2742825
2025-09-05 11:05:42.185817+05:30,217.0,,2742825
2025-09-05 11:05:42.729025+05:30,217.0,,2742825
2025-09-05 11:05:42.962784+05:30,217.35,,2742825
2025-09-05 11:05:43.174217+05:30,217.35,,2742825
2025-09-05 11:05:43.894383+05:30,217.25,,2742825
2025-09-05 11:05:44.313390+05:30,217.25,,2742825
2025-09-05 11:05:44.385626+05:30,217.25,,2742825
2025-09-05 11:05:44.937482+05:30,217.45,,2742825
2025-09-05 11:05:45.187079+05:30,217.25,,2742825
2025-09-05 11:05:45.977096+05:30,217.0,,2742825
2025-09-05 11:05:46.227167+05:30,217.25,,2742825
2025-09-05 11:05:46.948795+05:30,215.8,,2742825
2025-09-05 11:05:47.231214+05:30,215.8,,2742825
2025-09-05 11:05:47.440945+05:30,215.8,,2742825
2025-09-05 11:05:47.889172+05:30,215.8,,2742825
2025-09-05 11:05:48.191443+05:30,216.15,,2742825
2025-09-05 11:05:48.902204+05:30,216.05,,2742825
2025-09-05 11:05:49.170998+05:30,215.6,,2742825
2025-09-05 11:05:49.905943+05:30,216.5,,2742825
2025-09-05 11:05:50.166450+05:30,216.1,,2742825
2025-09-05 11:05:50.981673+05:30,216.8,,2742825
2025-09-05 11:05:51.144322+05:30,216.8,,2742825
2025-09-05 11:05:51.949570+05:30,218.0,,2742825
2025-09-05 11:05:52.139370+05:30,217.4,,2742825
2025-09-05 11:05:52.647100+05:30,217.4,,2742825
2025-09-05 11:05:52.981675+05:30,218.0,,2742825
2025-09-05 11:05:53.193535+05:30,218.0,,2742825
2025-09-05 11:05:53.904706+05:30,217.85,,2742825
2025-09-05 11:05:54.139715+05:30,217.85,,2742825
2025-09-05 11:05:54.900889+05:30,218.75,,2742825
2025-09-05 11:05:55.236206+05:30,218.75,,2742825
2025-09-05 11:05:55.646624+05:30,218.25,,2742825
2025-09-05 11:05:55.971236+05:30,218.0,,2742825
2025-09-05 11:05:56.212688+05:30,218.0,,2742825
2025-09-05 11:05:56.889241+05:30,218.4,,2742825
2025-09-05 11:05:57.191476+05:30,218.8,,2742825
2025-09-05 11:05:57.683397+05:30,218.8,,2742825
2025-09-05 11:05:57.889420+05:30,218.4,,2742825
2025-09-05 11:05:58.219891+05:30,219.0,,2742825
2025-09-05 11:05:58.898816+05:30,218.85,,2742825
2025-09-05 11:05:59.158676+05:30,218.85,,2742825
2025-09-05 11:05:59.885565+05:30,217.95,,2742825
2025-09-05 11:06:00.139297+05:30,217.95,,2742825
2025-09-05 11:06:00.389810+05:30,217.95,,2742825
2025-09-05 11:06:00.720704+05:30,217.95,,2742825
2025-09-05 11:06:00.995235+05:30,217.45,,2742825
2025-09-05 11:06:01.212827+05:30,217.45,,2742825
2025-09-05 11:06:01.916028+05:30,217.15,,2742825
2025-09-05 11:06:02.139802+05:30,217.15,,2742825
2025-09-05 11:06:02.457953+05:30,217.15,,2742825
2025-09-05 11:06:02.911132+05:30,217.45,,2742825
2025-09-05 11:06:03.187951+05:30,217.35,,2742825
2025-09-05 11:06:03.884497+05:30,217.45,,2742825
2025-09-05 11:06:04.194418+05:30,217.95,,2742825
2025-09-05 11:06:04.895356+05:30,218.0,,2742825
2025-09-05 11:06:05.255050+05:30,218.0,,2742825
2025-09-05 11:06:05.455528+05:30,218.0,,2742825
2025-09-05 11:06:05.926238+05:30,218.0,,2742825
2025-09-05 11:06:06.139230+05:30,218.0,,2742825
2025-09-05 11:06:06.938664+05:30,218.2,,2742825
2025-09-05 11:06:07.153900+05:30,218.05,,2742825
2025-09-05 11:06:07.906071+05:30,219.1,,2742825
2025-09-05 11:06:08.141736+05:30,219.0,,2742825
2025-09-05 11:06:08.686499+05:30,219.0,,2742825
2025-09-05 11:06:08.891419+05:30,219.0,,2742825
2025-09-05 11:06:09.217457+05:30,218.2,,2742825
2025-09-05 11:06:09.942160+05:30,218.8,,2742825
2025-09-05 11:06:10.180375+05:30,219.1,,2742825
2025-09-05 11:06:10.502829+05:30,219.05,,2742825
2025-09-05 11:06:10.916536+05:30,219.1,,2742825
2025-09-05 11:06:11.183530+05:30,218.8,,2742825
2025-09-05 11:06:11.964159+05:30,218.3,,2742825
2025-09-05 11:06:12.214724+05:30,218.3,,2742825
2025-09-05 11:06:12.889551+05:30,217.45,,2742825
2025-09-05 11:06:13.232255+05:30,217.45,,2742825
2025-09-05 11:06:13.653423+05:30,217.5,,2742825
2025-09-05 11:06:13.889242+05:30,217.0,,2742825
2025-09-05 11:06:14.171245+05:30,217.0,,2742825
2025-09-05 11:06:14.932443+05:30,216.6,,2742825
2025-09-05 11:06:15.254684+05:30,216.15,,2742825
2025-09-05 11:06:15.482757+05:30,216.0,,2742825
2025-09-05 11:06:15.932554+05:30,215.7,,2742825
2025-09-05 11:06:16.198875+05:30,215.7,,2742825
2025-09-05 11:06:16.889535+05:30,215.7,,2742825
2025-09-05 11:06:17.139077+05:30,216.15,,2742825
2025-09-05 11:06:17.905786+05:30,216.45,,2742825
2025-09-05 11:06:18.144857+05:30,216.3,,2742825
2025-09-05 11:06:18.490142+05:30,217.0,,2742825
2025-09-05 11:06:18.657338+05:30,217.0,,2742825
2025-09-05 11:06:18.929936+05:30,216.9,,2742825
2025-09-05 11:06:19.177184+05:30,217.65,,2742825
2025-09-05 11:06:19.971024+05:30,217.1,,2742825
2025-09-05 11:06:20.258805+05:30,217.1,,2742825
2025-09-05 11:06:20.460824+05:30,217.1,,2742825
2025-09-05 11:06:20.915961+05:30,217.6,,2742825
2025-09-05 11:06:21.139940+05:30,217.6,,2742825
2025-09-05 11:06:21.980475+05:30,217.2,,2742825
2025-09-05 11:06:22.156150+05:30,217.2,,2742825
2025-09-05 11:06:22.911129+05:30,217.25,,2742825
2025-09-05 11:06:23.169126+05:30,217.25,,2742825
2025-09-05 11:06:23.449919+05:30,217.15,,2742825
2025-09-05 11:06:23.661455+05:30,217.15,,2742825
2025-09-05 11:06:23.905885+05:30,217.15,,2742825
2025-09-05 11:06:24.150747+05:30,216.3,,2742825
2025-09-05 11:06:24.958631+05:30,216.85,,2742825
2025-09-05 11:06:25.218156+05:30,216.05,,2742825
2025-09-05 11:06:25.462712+05:30,216.05,,2742825
2025-09-05 11:06:25.889627+05:30,216.1,,2742825
2025-09-05 11:06:26.175129+05:30,216.2,,2742825
2025-09-05 11:06:26.888941+05:30,214.0,,2742825
2025-09-05 11:06:27.233433+05:30,214.0,,2742825
2025-09-05 11:06:27.927617+05:30,213.4,,2742825
2025-09-05 11:06:28.174822+05:30,213.45,,2742825
2025-09-05 11:06:28.459524+05:30,213.95,,2742825
2025-09-05 11:06:28.891550+05:30,214.05,,2742825
2025-09-05 11:06:29.146380+05:30,213.6,,2742825
2025-09-05 11:06:29.969848+05:30,213.8,,2742825
2025-09-05 11:06:30.236555+05:30,213.8,,2742825
2025-09-05 11:06:30.389485+05:30,213.8,,2742825
2025-09-05 11:06:30.889078+05:30,212.3,,2742825
2025-09-05 11:06:31.262069+05:30,212.25,,2742825
2025-09-05 11:06:31.641673+05:30,212.0,,2742825
2025-09-05 11:06:31.892660+05:30,212.0,,2742825
2025-09-05 11:06:32.180438+05:30,212.2,,2742825
2025-09-05 11:06:32.899430+05:30,212.5,,2742825
2025-09-05 11:06:33.476867+05:30,213.75,,2742825
2025-09-05 11:06:33.935204+05:30,213.75,,2742825
2025-09-05 11:06:34.478261+05:30,213.75,,2742825
2025-09-05 11:06:34.918657+05:30,213.65,,2742825
2025-09-05 11:06:35.166801+05:30,213.3,,2742825
2025-09-05 11:06:35.932624+05:30,213.45,,2742825
2025-09-05 11:06:36.211911+05:30,213.1,,2742825
2025-09-05 11:06:36.673797+05:30,213.3,,2742825
2025-09-05 11:06:36.979557+05:30,213.2,,2742825
2025-09-05 11:06:37.139373+05:30,212.65,,2742825
2025-09-05 11:06:37.939464+05:30,213.0,,2742825
2025-09-05 11:06:38.233033+05:30,214.55,,2742825
2025-09-05 11:06:38.395517+05:30,214.15,,2742825
2025-09-05 11:06:38.967377+05:30,214.15,,2742825
2025-09-05 11:06:39.498460+05:30,214.15,,2742825
2025-09-05 11:06:39.936487+05:30,213.9,,2742825
2025-09-05 11:06:40.162591+05:30,214.6,,2742825
2025-09-05 11:06:40.941921+05:30,213.7,,2737725
2025-09-05 11:06:41.491365+05:30,213.6,,2737725
2025-09-05 11:06:41.640817+05:30,213.9,,2737725
2025-09-05 11:06:41.888922+05:30,213.6,,2737725
2025-09-05 11:06:42.139272+05:30,213.6,,2737725
2025-09-05 11:06:42.927418+05:30,214.65,,2737725
2025-09-05 11:06:43.390322+05:30,214.2,,2737725
2025-09-05 11:06:43.884458+05:30,214.2,,2737725
2025-09-05 11:06:44.464082+05:30,214.35,,2737725
2025-09-05 11:06:44.888846+05:30,214.1,,2737725
2025-09-05 11:06:45.134474+05:30,214.8,,2737725
2025-09-05 11:06:45.888828+05:30,214.55,,2737725
2025-09-05 11:06:46.186489+05:30,214.55,,2737725
2025-09-05 11:06:46.400579+05:30,214.35,,2737725
2025-09-05 11:06:46.655498+05:30,214.95,,2737725
2025-09-05 11:06:46.889207+05:30,214.95,,2737725
2025-09-05 11:06:47.417379+05:30,214.95,,2737725
2025-09-05 11:06:48.228877+05:30,215.15,,2737725
2025-09-05 11:06:48.973551+05:30,215.8,,2737725
2025-09-05 11:06:49.201530+05:30,215.8,,2737725
2025-09-05 11:06:49.902244+05:30,214.95,,2737725
2025-09-05 11:06:50.250968+05:30,215.55,,2737725
2025-09-05 11:06:50.933149+05:30,215.55,,2737725
2025-09-05 11:06:51.448838+05:30,215.55,,2737725
2025-09-05 11:06:51.638736+05:30,215.55,,2737725
2025-09-05 11:06:52.030532+05:30,215.35,,2737725
2025-09-05 11:06:52.180808+05:30,215.1,,2737725
2025-09-05 11:06:52.978743+05:30,215.1,,2737725
2025-09-05 11:06:53.221297+05:30,215.1,,2737725
2025-09-05 11:06:53.902154+05:30,215.0,,2737725
2025-09-05 11:06:54.388740+05:30,214.65,,2737725
2025-09-05 11:06:54.638767+05:30,214.65,,2737725
2025-09-05 11:06:54.945924+05:30,214.65,,2737725
2025-09-05 11:06:55.277721+05:30,214.0,,2737725
2025-09-05 11:06:55.915798+05:30,214.35,,2737725
2025-09-05 11:06:56.413714+05:30,214.35,,2737725
2025-09-05 11:06:56.635161+05:30,214.5,,2737725
2025-09-05 11:06:56.950149+05:30,214.5,,2737725
2025-09-05 11:06:57.413124+05:30,214.5,,2737725
2025-09-05 11:06:57.970566+05:30,214.5,,2737725
2025-09-05 11:06:58.408296+05:30,214.5,,2737725
2025-09-05 11:06:59.682539+05:30,214.5,,2737725
2025-09-05 11:06:59.919679+05:30,216.0,,2737725
2025-09-05 11:07:00.705893+05:30,216.0,,2737725
2025-09-05 11:07:00.902034+05:30,216.25,,2737725
2025-09-05 11:07:01.464086+05:30,216.25,,2737725
2025-09-05 11:07:01.938265+05:30,216.1,,2737725
2025-09-05 11:07:02.900706+05:30,215.3,,2737725
2025-09-05 11:07:03.384277+05:30,215.65,,2737725
2025-09-05 11:07:03.902536+05:30,215.6,,2737725
2025-09-05 11:07:04.234109+05:30,215.6,,2737725
2025-09-05 11:07:04.428973+05:30,215.6,,2737725
2025-09-05 11:07:04.933730+05:30,215.55,,2737725
2025-09-05 11:07:05.171117+05:30,214.95,,2737725
2025-09-05 11:07:05.942280+05:30,215.4,,2737725
2025-09-05 11:07:06.234759+05:30,214.95,,2737725
2025-09-05 11:07:06.472849+05:30,214.95,,2737725
2025-09-05 11:07:06.910587+05:30,214.9,,2737725
2025-09-05 11:07:07.436973+05:30,214.4,,2737725
2025-09-05 11:07:07.633782+05:30,215.0,,2737725
2025-09-05 11:07:07.916047+05:30,215.0,,2737725
2025-09-05 11:07:08.212104+05:30,214.0,,2737725
2025-09-05 11:07:08.927393+05:30,215.0,,2737725
2025-09-05 11:07:09.157499+05:30,214.55,,2737725
2025-09-05 11:07:09.638873+05:30,214.55,,2737725
2025-09-05 11:07:09.957556+05:30,214.55,,2737725
2025-09-05 11:07:10.388728+05:30,214.0,,2737725
2025-09-05 11:07:10.930969+05:30,214.0,,2737725
2025-09-05 11:07:11.211566+05:30,214.0,,2737725
2025-09-05 11:07:12.163173+05:30,214.6,,2737725
2025-09-05 11:07:12.454476+05:30,214.6,,2737725
2025-09-05 11:07:12.888793+05:30,213.7,,2737725
2025-09-05 11:07:13.208132+05:30,213.7,,2737725
2025-09-05 11:07:13.905653+05:30,213.65,,2737725
2025-09-05 11:07:14.444776+05:30,213.0,,2737725
2025-09-05 11:07:14.933927+05:30,212.8,,2737725
2025-09-05 11:07:15.394505+05:30,213.0,,2737725
2025-09-05 11:07:15.927094+05:30,212.2,,2737725
2025-09-05 11:07:16.208919+05:30,212.2,,2737725
2025-09-05 11:07:16.937058+05:30,212.05,,2737725
2025-09-05 11:07:17.138652+05:30,212.05,,2737725
2025-09-05 11:07:17.434459+05:30,212.05,,2737725
2025-09-05 11:07:17.945590+05:30,212.05,,2737725
2025-09-05 11:07:18.138759+05:30,212.4,,2737725
2025-09-05 11:07:18.928729+05:30,212.95,,2737725
2025-09-05 11:07:19.234861+05:30,212.35,,2737725
2025-09-05 11:07:19.942323+05:30,212.05,,2737725
2025-09-05 11:07:20.210083+05:30,211.95,,2737725
2025-09-05 11:07:20.970700+05:30,212.4,,2737725
2025-09-05 11:07:21.271532+05:30,212.75,,2737725
2025-09-05 11:07:21.888644+05:30,213.65,,2737725
2025-09-05 11:07:22.449146+05:30,214.0,,2737725
2025-09-05 11:07:22.910392+05:30,214.0,,2737725
2025-09-05 11:07:23.261675+05:30,214.1,,2737725
2025-09-05 11:07:23.910488+05:30,214.6,,2737725
2025-09-05 11:07:24.213307+05:30,214.6,,2737725
2025-09-05 11:07:24.888622+05:30,214.25,,2737725
2025-09-05 11:07:25.469792+05:30,214.25,,2737725
2025-09-05 11:07:25.667685+05:30,214.65,,2737725
2025-09-05 11:07:25.988492+05:30,214.65,,2737725
2025-09-05 11:07:26.388583+05:30,214.0,,2737725
2025-09-05 11:07:26.976178+05:30,214.05,,2737725
2025-09-05 11:07:27.473854+05:30,214.05,,2737725
2025-09-05 11:07:27.708935+05:30,214.05,,2737725
2025-09-05 11:07:28.388424+05:30,212.95,,2737725
2025-09-05 11:07:28.915825+05:30,213.2,,2737725
2025-09-05 11:07:29.238826+05:30,213.9,,2737725
2025-09-05 11:07:29.981198+05:30,213.3,,2737725
2025-09-05 11:07:30.412241+05:30,212.6,,2737725
2025-09-05 11:07:30.691292+05:30,212.5,,2737725
2025-09-05 11:07:30.954791+05:30,213.05,,2737725
2025-09-05 11:07:31.388611+05:30,213.45,,2737725
2025-09-05 11:07:31.944797+05:30,215.6,,2737725
2025-09-05 11:07:32.216428+05:30,216.0,,2737725
2025-09-05 11:07:32.440744+05:30,216.0,,2737725
2025-09-05 11:07:32.907354+05:30,216.0,,2737725
2025-09-05 11:07:33.466445+05:30,215.85,,2737725
2025-09-05 11:07:33.926835+05:30,215.7,,2737725
2025-09-05 11:07:34.388680+05:30,216.0,,2737725
2025-09-05 11:07:34.921984+05:30,216.35,,2737725
2025-09-05 11:07:35.138556+05:30,217.0,,2737725
2025-09-05 11:07:35.735639+05:30,216.9,,2737725
2025-09-05 11:07:35.910545+05:30,216.9,,2737725
2025-09-05 11:07:36.418800+05:30,216.9,,2737725
2025-09-05 11:07:36.927593+05:30,216.35,,2737725
2025-09-05 11:07:37.219946+05:30,215.55,,2737725
2025-09-05 11:07:37.419149+05:30,215.55,,2737725
2025-09-05 11:07:37.889501+05:30,215.55,,2737725
2025-09-05 11:07:38.411308+05:30,215.55,,2737725
2025-09-05 11:07:39.216748+05:30,215.55,,2737725
2025-09-05 11:07:39.489487+05:30,215.6,,2737725
2025-09-05 11:07:40.163111+05:30,214.95,,2737725
2025-09-05 11:07:40.944518+05:30,214.9,,2737725
2025-09-05 11:07:41.388799+05:30,214.9,,2737725
2025-09-05 11:07:41.976787+05:30,215.0,,2737725
2025-09-05 11:07:42.480249+05:30,215.0,,2737725
2025-09-05 11:07:44.205578+05:30,215.0,,2737725
2025-09-05 11:07:44.402121+05:30,215.3,,2737725
2025-09-05 11:07:44.638331+05:30,215.3,,2737725
2025-09-05 11:07:45.135644+05:30,215.7,,2737725
2025-09-05 11:07:45.932257+05:30,215.15,,2737725
2025-09-05 11:07:46.388535+05:30,215.15,,2737725
2025-09-05 11:07:46.986301+05:30,215.5,,2737725
2025-09-05 11:07:47.170443+05:30,215.5,,2737725
2025-09-05 11:07:47.439225+05:30,215.5,,2737725
2025-09-05 11:07:48.423589+05:30,215.5,,2737725
2025-09-05 11:07:48.648484+05:30,215.5,,2737725
2025-09-05 11:07:49.234096+05:30,215.9,,2737725
2025-09-05 11:07:49.953553+05:30,216.0,,2737725
2025-09-05 11:07:50.448368+05:30,216.0,,2737725
2025-09-05 11:07:50.656687+05:30,216.9,,2737725
2025-09-05 11:07:50.916659+05:30,216.9,,2737725
2025-09-05 11:07:51.429628+05:30,217.0,,2737725
2025-09-05 11:07:51.959696+05:30,217.9,,2737725
2025-09-05 11:07:52.428557+05:30,217.95,,2737725
2025-09-05 11:07:52.915356+05:30,218.0,,2737725
2025-09-05 11:07:53.459140+05:30,218.0,,2737725
2025-09-05 11:07:53.951285+05:30,217.55,,2737725
2025-09-05 11:07:54.143883+05:30,217.15,,2737725
2025-09-05 11:07:54.956445+05:30,217.5,,2737725
2025-09-05 11:07:55.190670+05:30,216.45,,2737725
2025-09-05 11:07:55.699904+05:30,216.75,,2737725
2025-09-05 11:07:56.009294+05:30,216.75,,2737725
2025-09-05 11:07:56.438794+05:30,216.75,,2737725
2025-09-05 11:07:56.955175+05:30,216.8,,2737725
2025-09-05 11:07:57.138469+05:30,216.8,,2737725
2025-09-05 11:07:58.642808+05:30,216.3,,2737725
2025-09-05 11:07:58.938043+05:30,216.3,,2737725
2025-09-05 11:07:59.250305+05:30,216.3,,2737725
2025-09-05 11:07:59.483907+05:30,215.7,,2737725
2025-09-05 11:07:59.910171+05:30,216.4,,2737725
2025-09-05 11:08:00.437126+05:30,216.4,,2737725
2025-09-05 11:08:00.721633+05:30,216.3,,2737725
2025-09-05 11:08:00.900345+05:30,216.3,,2737725
2025-09-05 11:08:01.476592+05:30,216.3,,2737725
2025-09-05 11:08:01.894099+05:30,219.35,,2737725
2025-09-05 11:08:02.423496+05:30,219.35,,2737725
2025-09-05 11:08:02.936864+05:30,218.7,,2737725
2025-09-05 11:08:03.450032+05:30,218.7,,2737725
2025-09-05 11:08:03.888451+05:30,219.55,,2737725
2025-09-05 11:08:04.489952+05:30,223.2,,2737725
2025-09-05 11:08:04.889493+05:30,222.65,,2737725
2025-09-05 11:08:05.204626+05:30,222.0,,2737725
2025-09-05 11:08:05.646692+05:30,222.1,,2737725
2025-09-05 11:08:05.914111+05:30,222.05,,2737725
2025-09-05 11:08:06.211449+05:30,221.85,,2737725
2025-09-05 11:08:06.888416+05:30,222.85,,2737725
2025-09-05 11:08:07.462301+05:30,223.55,,2737725
2025-09-05 11:08:07.927470+05:30,223.45,,2737725
2025-09-05 11:08:08.493485+05:30,222.95,,2737725
2025-09-05 11:08:08.902629+05:30,222.85,,2737725
2025-09-05 11:08:09.138483+05:30,223.55,,2737725
2025-09-05 11:08:09.920066+05:30,223.45,,2737725
2025-09-05 11:08:10.383569+05:30,223.75,,2737725
2025-09-05 11:08:10.653234+05:30,222.75,,2737725
2025-09-05 11:08:10.901840+05:30,222.25,,2737725
2025-09-05 11:08:11.203640+05:30,222.75,,2737725
2025-09-05 11:08:11.927269+05:30,222.5,,2737725
2025-09-05 11:08:12.217407+05:30,222.5,,2737725
2025-09-05 11:08:12.930714+05:30,222.5,,2737725
2025-09-05 11:08:13.413394+05:30,222.6,,2737725
2025-09-05 11:08:13.932806+05:30,222.85,,2737725
2025-09-05 11:08:14.470658+05:30,222.75,,2737725
2025-09-05 11:08:14.937932+05:30,222.6,,2737725
2025-09-05 11:08:15.464915+05:30,222.75,,2737725
2025-09-05 11:08:15.638394+05:30,222.4,,2737725
2025-09-05 11:08:15.888420+05:30,222.0,,2737725
2025-09-05 11:08:16.514165+05:30,222.0,,2737725
2025-09-05 11:08:16.888363+05:30,222.4,,2737725
2025-09-05 11:08:17.237051+05:30,222.0,,2737725
2025-09-05 11:08:17.974996+05:30,221.9,,2737725
2025-09-05 11:08:18.393425+05:30,222.3,,2737725
2025-09-05 11:08:18.915150+05:30,222.1,,2737725
2025-09-05 11:08:19.423534+05:30,222.1,,2737725
2025-09-05 11:08:19.888373+05:30,222.15,,2737725
2025-09-05 11:08:20.531122+05:30,222.35,,2737725
2025-09-05 11:08:20.974944+05:30,222.65,,2737725
2025-09-05 11:08:21.227290+05:30,222.65,,2737725
2025-09-05 11:08:22.217893+05:30,222.0,,2737725
2025-09-05 11:08:23.234976+05:30,223.05,,2737725
2025-09-05 11:08:23.655311+05:30,222.1,,2737725
2025-09-05 11:08:24.173553+05:30,222.6,,2737725
2025-09-05 11:08:25.138794+05:30,223.75,,2737725
2025-09-05 11:08:25.476024+05:30,223.95,,2737725
2025-09-05 11:08:25.640309+05:30,223.25,,2737725
2025-09-05 11:08:26.167086+05:30,223.5,,2737725
2025-09-05 11:08:27.169643+05:30,223.4,,2737725
2025-09-05 11:08:28.168027+05:30,222.85,,2737725
2025-09-05 11:08:28.469300+05:30,222.8,,2737725
2025-09-05 11:08:28.655426+05:30,223.05,,2737725
2025-09-05 11:08:29.152707+05:30,222.85,,2737725
2025-09-05 11:08:30.170094+05:30,222.45,,2737725
2025-09-05 11:08:30.459712+05:30,222.45,,2737725
2025-09-05 11:08:31.188745+05:30,222.15,,2737725
2025-09-05 11:08:31.444419+05:30,222.15,,2737725
2025-09-05 11:08:32.239958+05:30,222.75,,2737725
2025-09-05 11:08:32.383453+05:30,222.75,,2737725
2025-09-05 11:08:33.176683+05:30,223.45,,2737725
2025-09-05 11:08:33.426991+05:30,223.4,,2737725
2025-09-05 11:08:33.673769+05:30,222.7,,2737725
2025-09-05 11:08:34.187622+05:30,223.15,,2737725
2025-09-05 11:08:35.183502+05:30,223.05,,2737725
2025-09-05 11:08:35.465481+05:30,224.0,,2737725
2025-09-05 11:08:36.216985+05:30,223.25,,2737725
2025-09-05 11:08:37.160542+05:30,223.85,,2737725
2025-09-05 11:08:38.199809+05:30,224.15,,2737725
2025-09-05 11:08:38.670343+05:30,224.15,,2737725
2025-09-05 11:08:39.155346+05:30,224.15,,2737725
2025-09-05 11:08:39.473607+05:30,223.4,,2737725
2025-09-05 11:08:40.307296+05:30,223.15,,2737725
2025-09-05 11:08:41.213069+05:30,223.15,,2737725
2025-09-05 11:08:41.883176+05:30,223.65,,2737725
2025-09-05 11:08:42.215054+05:30,223.65,,2737725
2025-09-05 11:08:42.427028+05:30,223.65,,2737725
2025-09-05 11:08:43.231300+05:30,223.0,,2737725
2025-09-05 11:08:43.683512+05:30,223.45,,2737725
2025-09-05 11:08:44.285387+05:30,222.85,,2737725
2025-09-05 11:08:44.469159+05:30,223.1,,2737725
2025-09-05 11:08:45.197977+05:30,223.1,,2737725
2025-09-05 11:08:45.410213+05:30,223.45,,2737725
2025-09-05 11:08:46.199832+05:30,220.7,,2737725
2025-09-05 11:08:46.471420+05:30,221.05,,2737725
2025-09-05 11:08:46.904962+05:30,220.7,,2737725
2025-09-05 11:08:47.239775+05:30,220.25,,2737725
2025-09-05 11:08:48.143448+05:30,220.25,,2737725
2025-09-05 11:08:48.505767+05:30,220.3,,2737725
2025-09-05 11:08:48.638169+05:30,220.3,,2737725
2025-09-05 11:08:49.187875+05:30,220.3,,2737725
2025-09-05 11:08:49.412358+05:30,220.0,,2737725
2025-09-05 11:08:50.203804+05:30,220.3,,2737725
2025-09-05 11:08:50.456486+05:30,220.2,,2737725
2025-09-05 11:08:51.212586+05:30,220.0,,2737725
2025-09-05 11:08:51.905231+05:30,220.05,,2737725
2025-09-05 11:08:52.259636+05:30,219.45,,2737725
2025-09-05 11:08:53.201278+05:30,219.8,,2737725
2025-09-05 11:08:53.416741+05:30,219.6,,2737725
2025-09-05 11:08:53.666524+05:30,218.55,,2737725
2025-09-05 11:08:54.233683+05:30,218.55,,2737725
2025-09-05 11:08:55.189746+05:30,218.75,,2737725
2025-09-05 11:08:55.388545+05:30,218.6,,2737725
2025-09-05 11:08:56.209686+05:30,218.55,,2737725
2025-09-05 11:08:56.916094+05:30,218.65,,2737725
2025-09-05 11:08:57.164143+05:30,218.55,,2737725
2025-09-05 11:08:58.258999+05:30,217.95,,2737725
2025-09-05 11:08:58.445641+05:30,217.95,,2737725
2025-09-05 11:08:58.665158+05:30,217.95,,2737725
2025-09-05 11:08:59.262939+05:30,217.6,,2737725
2025-09-05 11:08:59.417521+05:30,217.6,,2737725
2025-09-05 11:09:00.209319+05:30,217.15,,2737725
2025-09-05 11:09:00.388023+05:30,217.15,,2737725
2025-09-05 11:09:00.660922+05:30,217.15,,2737725
2025-09-05 11:09:01.178211+05:30,217.15,,2737725
2025-09-05 11:09:01.477269+05:30,217.2,,2737725
2025-09-05 11:09:01.887984+05:30,216.95,,2737725
2025-09-05 11:09:02.174652+05:30,216.95,,2737725
2025-09-05 11:09:03.232932+05:30,217.3,,2737725
2025-09-05 11:09:03.416129+05:30,217.25,,2737725
2025-09-05 11:09:04.138222+05:30,217.6,,2737725
2025-09-05 11:09:05.216205+05:30,217.0,,2737725
2025-09-05 11:09:05.455375+05:30,217.0,,2737725
2025-09-05 11:09:06.169246+05:30,217.3,,2737725
2025-09-05 11:09:06.384635+05:30,217.3,,2737725
2025-09-05 11:09:06.883548+05:30,217.9,,2737725
2025-09-05 11:09:07.492410+05:30,217.9,,2737725
2025-09-05 11:09:08.258859+05:30,217.5,,2737725
2025-09-05 11:09:08.388146+05:30,217.5,,2737725
2025-09-05 11:09:08.672415+05:30,217.5,,2737725
2025-09-05 11:09:09.263212+05:30,217.1,,2737725
2025-09-05 11:09:09.410842+05:30,217.1,,2737725
2025-09-05 11:09:10.216241+05:30,217.0,,2737725
2025-09-05 11:09:10.444777+05:30,217.0,,2737725
2025-09-05 11:09:11.236286+05:30,217.25,,2737725
2025-09-05 11:09:11.888113+05:30,216.7,,2737725
2025-09-05 11:09:12.238732+05:30,216.7,,2737725
2025-09-05 11:09:12.465118+05:30,216.7,,2737725
2025-09-05 11:09:13.274541+05:30,216.45,,2737725
2025-09-05 11:09:13.385655+05:30,216.55,,2737725
2025-09-05 11:09:14.187453+05:30,216.55,,2737725
2025-09-05 11:09:15.201635+05:30,216.5,,2737725
2025-09-05 11:09:15.450065+05:30,217.5,,2737725
2025-09-05 11:09:16.225885+05:30,218.8,,2737725
2025-09-05 11:09:16.431121+05:30,218.8,,2737725
2025-09-05 11:09:16.910187+05:30,219.0,,2737725
2025-09-05 11:09:17.466985+05:30,218.9,,2737725
2025-09-05 11:09:18.231346+05:30,220.0,,2737725
2025-09-05 11:09:18.511567+05:30,221.35,,2737725
2025-09-05 11:09:19.276727+05:30,221.35,,2737725
2025-09-05 11:09:19.910457+05:30,223.2,,2737725
2025-09-05 11:09:20.182106+05:30,222.75,,2737725
2025-09-05 11:09:21.138786+05:30,223.9,,2737725
2025-09-05 11:09:21.562689+05:30,223.95,,2737725
2025-09-05 11:09:21.909952+05:30,223.95,,2737725
2025-09-05 11:09:22.171307+05:30,223.05,,2737725
2025-09-05 11:09:23.168823+05:30,223.5,,2737725
2025-09-05 11:09:23.438169+05:30,223.2,,2737725
2025-09-05 11:09:24.203317+05:30,223.75,,2737725
2025-09-05 11:09:24.432442+05:30,223.35,,2737725
2025-09-05 11:09:24.909785+05:30,223.25,,2737725
2025-09-05 11:09:25.160910+05:30,223.25,,2737725
2025-09-05 11:09:25.406286+05:30,222.4,,2737725
2025-09-05 11:09:26.235296+05:30,222.65,,2737725
2025-09-05 11:09:26.426763+05:30,222.95,,2737725
2025-09-05 11:09:26.887895+05:30,222.9,,2737725
2025-09-05 11:09:27.259490+05:30,223.2,,2737725
2025-09-05 11:09:28.198661+05:30,224.45,,2737725
2025-09-05 11:09:28.405042+05:30,224.45,,2737725
2025-09-05 11:09:29.257509+05:30,224.2,,2737725
2025-09-05 11:09:29.387915+05:30,224.2,,2737725
2025-09-05 11:09:29.887829+05:30,223.35,,2737725
2025-09-05 11:09:30.204527+05:30,223.25,,2737725
2025-09-05 11:09:30.449156+05:30,223.25,,2737725
2025-09-05 11:09:31.159742+05:30,223.4,,2737725
2025-09-05 11:09:31.491977+05:30,223.3,,2737725
2025-09-05 11:09:31.637775+05:30,223.3,,2737725
2025-09-05 11:09:31.884533+05:30,223.3,,2737725
2025-09-05 11:09:32.483454+05:30,222.85,,2737725
2025-09-05 11:09:33.138219+05:30,221.95,,2737725
2025-09-05 11:09:33.507978+05:30,222.0,,2737725
2025-09-05 11:09:34.169557+05:30,221.45,,2737725
2025-09-05 11:09:34.411594+05:30,221.45,,2737725
2025-09-05 11:09:35.215350+05:30,221.4,,2737725
2025-09-05 11:09:36.165052+05:30,221.85,,2737725
2025-09-05 11:09:36.662646+05:30,221.85,,2737725
2025-09-05 11:09:36.883281+05:30,220.85,,2737725
2025-09-05 11:09:37.242753+05:30,220.85,,2737725
2025-09-05 11:09:37.405945+05:30,221.4,,2737725
2025-09-05 11:09:38.161397+05:30,221.6,,2737725
2025-09-05 11:09:38.477165+05:30,222.5,,2737725
2025-09-05 11:09:39.143187+05:30,222.35,,2737725
2025-09-05 11:09:40.225542+05:30,222.4,,2737725
2025-09-05 11:09:40.442412+05:30,222.4,,2737725
2025-09-05 11:09:41.203723+05:30,222.75,,2796525
2025-09-05 11:09:41.462453+05:30,222.95,,2796525
2025-09-05 11:09:41.637846+05:30,222.95,,2796525
2025-09-05 11:09:42.252743+05:30,222.95,,2796525
2025-09-05 11:09:42.442873+05:30,223.35,,2796525
2025-09-05 11:09:43.187131+05:30,223.25,,2796525
2025-09-05 11:09:44.201160+05:30,223.35,,2796525
2025-09-05 11:09:44.387779+05:30,223.35,,2796525
2025-09-05 11:09:44.703360+05:30,223.35,,2796525
2025-09-05 11:09:44.917774+05:30,223.3,,2796525
2025-09-05 11:09:45.139125+05:30,223.3,,2796525
2025-09-05 11:09:45.388895+05:30,223.3,,2796525
2025-09-05 11:09:46.164892+05:30,223.75,,2796525
2025-09-05 11:09:46.513139+05:30,223.75,,2796525
2025-09-05 11:09:47.159276+05:30,224.45,,2796525
2025-09-05 11:09:47.401067+05:30,224.45,,2796525
2025-09-05 11:09:48.144835+05:30,223.45,,2796525
2025-09-05 11:09:48.462356+05:30,223.45,,2796525
2025-09-05 11:09:49.133700+05:30,223.5,,2796525
2025-09-05 11:09:49.650264+05:30,224.2,,2796525
2025-09-05 11:09:49.910558+05:30,224.15,,2796525
2025-09-05 11:09:50.213233+05:30,223.55,,2796525
2025-09-05 11:09:51.179137+05:30,224.55,,2796525
2025-09-05 11:09:51.403129+05:30,224.55,,2796525
2025-09-05 11:09:52.211859+05:30,225.05,,2796525
2025-09-05 11:09:52.490162+05:30,225.15,,2796525
2025-09-05 11:09:52.931166+05:30,226.45,,2796525
2025-09-05 11:09:53.165747+05:30,226.2,,2796525
2025-09-05 11:09:54.187702+05:30,227.05,,2796525
2025-09-05 11:09:54.517629+05:30,227.95,,2796525
2025-09-05 11:09:54.654713+05:30,228.0,,2796525
2025-09-05 11:09:55.141788+05:30,227.15,,2796525
2025-09-05 11:09:56.166041+05:30,227.45,,2796525
2025-09-05 11:09:56.436565+05:30,227.05,,2796525
2025-09-05 11:09:57.244443+05:30,227.0,,2796525
2025-09-05 11:09:57.425203+05:30,227.1,,2796525
2025-09-05 11:09:57.884474+05:30,226.75,,2796525
2025-09-05 11:09:58.208597+05:30,226.9,,2796525
2025-09-05 11:09:58.415543+05:30,226.9,,2796525
2025-09-05 11:09:59.138110+05:30,226.9,,2796525
2025-09-05 11:09:59.406126+05:30,226.1,,2796525
2025-09-05 11:09:59.664725+05:30,226.2,,2796525
2025-09-05 11:10:00.163505+05:30,226.65,,2796525
2025-09-05 11:10:00.722602+05:30,226.65,,2796525
2025-09-05 11:10:01.156761+05:30,226.0,,2796525
2025-09-05 11:10:02.148620+05:30,226.2,,2796525
2025-09-05 11:10:02.421250+05:30,226.2,,2796525
2025-09-05 11:10:02.888240+05:30,226.3,,2796525
2025-09-05 11:10:03.397809+05:30,226.3,,2796525
2025-09-05 11:10:04.169661+05:30,226.8,,2796525
2025-09-05 11:10:04.414803+05:30,226.7,,2796525
2025-09-05 11:10:04.707716+05:30,226.7,,2796525
2025-09-05 11:10:05.177073+05:30,225.85,,2796525
2025-09-05 11:10:05.415289+05:30,225.85,,2796525
2025-09-05 11:10:06.242424+05:30,226.3,,2796525
2025-09-05 11:10:06.447397+05:30,226.3,,2796525
2025-09-05 11:10:07.133385+05:30,226.3,,2796525
2025-09-05 11:10:07.421760+05:30,226.3,,2796525
2025-09-05 11:10:07.887554+05:30,227.55,,2796525
2025-09-05 11:10:08.164818+05:30,228.15,,2796525
2025-09-05 11:10:08.408997+05:30,227.55,,2796525
2025-09-05 11:10:09.140063+05:30,228.4,,2796525
2025-09-05 11:10:09.496057+05:30,228.5,,2796525
2025-09-05 11:10:09.678642+05:30,228.5,,2796525
2025-09-05 11:10:10.161628+05:30,228.85,,2796525
2025-09-05 11:10:11.187032+05:30,228.75,,2796525
2025-09-05 11:10:11.440474+05:30,228.95,,2796525
2025-09-05 11:10:12.236074+05:30,229.5,,2796525
2025-09-05 11:10:12.405000+05:30,229.35,,2796525
2025-09-05 11:10:12.664529+05:30,228.95,,2796525
2025-09-05 11:10:12.904445+05:30,229.35,,2796525
2025-09-05 11:10:13.144512+05:30,229.4,,2796525
2025-09-05 11:10:14.137681+05:30,227.75,,2796525
2025-09-05 11:10:14.638665+05:30,228.25,,2796525
2025-09-05 11:10:15.181682+05:30,228.0,,2796525
2025-09-05 11:10:15.392995+05:30,228.55,,2796525
2025-09-05 11:10:16.186835+05:30,227.9,,2796525
2025-09-05 11:10:17.211748+05:30,228.7,,2796525
2025-09-05 11:10:17.495152+05:30,229.45,,2796525
2025-09-05 11:10:17.643489+05:30,229.1,,2796525
2025-09-05 11:10:18.138045+05:30,229.8,,2796525
2025-09-05 11:10:18.410615+05:30,229.8,,2796525
2025-09-05 11:10:19.202227+05:30,228.95,,2796525
2025-09-05 11:10:19.458737+05:30,228.95,,2796525
2025-09-05 11:10:20.198061+05:30,229.65,,2796525
2025-09-05 11:10:20.488438+05:30,229.45,,2796525
2025-09-05 11:10:20.887662+05:30,228.5,,2796525
2025-09-05 11:10:21.187682+05:30,228.8,,2796525
2025-09-05 11:10:21.436935+05:30,228.8,,2796525
2025-09-05 11:10:22.154356+05:30,228.0,,2796525
2025-09-05 11:10:22.504098+05:30,228.0,,2796525
2025-09-05 11:10:22.649453+05:30,228.0,,2796525
2025-09-05 11:10:23.250554+05:30,227.85,,2796525
2025-09-05 11:10:23.434618+05:30,227.85,,2796525
2025-09-05 11:10:24.222324+05:30,228.25,,2796525
2025-09-05 11:10:24.454485+05:30,228.25,,2796525
2025-09-05 11:10:25.209670+05:30,228.5,,2796525
2025-09-05 11:10:25.473713+05:30,228.15,,2796525
2025-09-05 11:10:25.914625+05:30,228.45,,2796525
2025-09-05 11:10:26.183275+05:30,228.45,,2796525
2025-09-05 11:10:26.461311+05:30,228.5,,2796525
2025-09-05 11:10:27.198564+05:30,229.0,,2796525
2025-09-05 11:10:27.414665+05:30,228.5,,2796525
2025-09-05 11:10:27.637547+05:30,229.1,,2796525
2025-09-05 11:10:28.211889+05:30,229.4,,2796525
2025-09-05 11:10:28.408276+05:30,229.4,,2796525
2025-09-05 11:10:29.160566+05:30,228.65,,2796525
2025-09-05 11:10:29.392596+05:30,228.65,,2796525
2025-09-05 11:10:30.155101+05:30,228.6,,2796525
2025-09-05 11:10:30.449230+05:30,227.55,,2796525
2025-09-05 11:10:30.673156+05:30,228.0,,2796525
2025-09-05 11:10:30.887504+05:30,228.0,,2796525
2025-09-05 11:10:31.397925+05:30,228.55,,2796525
2025-09-05 11:10:32.634733+05:30,228.25,,2796525
2025-09-05 11:10:34.377900+05:30,226.25,,2796525
2025-09-05 11:10:36.660573+05:30,226.0,,2796525
2025-09-05 11:10:37.405174+05:30,226.7,,2796525
2025-09-05 11:10:37.739531+05:30,226.0,,2796525
2025-09-05 11:10:38.226264+05:30,225.35,,2796525
2025-09-05 11:10:38.383421+05:30,225.75,,2796525
2025-09-05 11:10:38.887471+05:30,225.9,,2796525
2025-09-05 11:10:39.137460+05:30,225.95,,2796525
2025-09-05 11:10:39.450903+05:30,225.55,,2796525
2025-09-05 11:10:40.224358+05:30,226.1,,2796525
2025-09-05 11:10:40.413660+05:30,225.85,,2796525
2025-09-05 11:10:40.637444+05:30,225.4,,2796525
2025-09-05 11:10:41.171379+05:30,226.05,,2796525
2025-09-05 11:10:41.524108+05:30,226.05,,2796525
2025-09-05 11:10:42.280402+05:30,226.0,,2796525
2025-09-05 11:10:43.204692+05:30,225.05,,2796525
2025-09-05 11:10:43.388074+05:30,225.0,,2796525
2025-09-05 11:10:43.884559+05:30,224.9,,2796525
2025-09-05 11:10:44.137596+05:30,224.9,,2796525
2025-09-05 11:10:44.441429+05:30,224.9,,2796525
2025-09-05 11:10:45.139088+05:30,224.65,,2796525
2025-09-05 11:10:45.455341+05:30,224.65,,2796525
2025-09-05 11:10:45.659207+05:30,224.75,,2796525
2025-09-05 11:10:46.164482+05:30,224.8,,2796525
2025-09-05 11:10:46.489232+05:30,224.8,,2796525
2025-09-05 11:10:47.216872+05:30,225.55,,2796525
2025-09-05 11:10:47.409211+05:30,225.5,,2796525
2025-09-05 11:10:48.194688+05:30,225.75,,2796525
2025-09-05 11:10:48.447590+05:30,225.75,,2796525
2025-09-05 11:10:48.637437+05:30,225.25,,2796525
2025-09-05 11:10:48.892410+05:30,225.25,,2796525
2025-09-05 11:10:49.415499+05:30,225.25,,2796525
2025-09-05 11:10:50.235093+05:30,225.45,,2796525
2025-09-05 11:10:50.456114+05:30,225.1,,2796525
2025-09-05 11:10:51.158429+05:30,225.6,,2796525
2025-09-05 11:10:51.887391+05:30,225.25,,2796525
2025-09-05 11:10:52.194228+05:30,225.25,,2796525
2025-09-05 11:10:52.423191+05:30,225.25,,2796525
2025-09-05 11:10:53.173232+05:30,225.25,,2796525
2025-09-05 11:10:53.420178+05:30,225.25,,2796525
2025-09-05 11:10:54.170477+05:30,225.75,,2796525
2025-09-05 11:10:55.209614+05:30,225.75,,2796525
2025-09-05 11:10:55.483815+05:30,225.75,,2796525
2025-09-05 11:10:56.165691+05:30,224.35,,2796525
2025-09-05 11:10:56.887291+05:30,222.0,,2796525
2025-09-05 11:10:57.176769+05:30,221.6,,2796525
2025-09-05 11:10:58.224156+05:30,221.65,,2796525
2025-09-05 11:10:58.437741+05:30,221.65,,2796525
2025-09-05 11:10:59.169736+05:30,221.75,,2796525
2025-09-05 11:10:59.985993+05:30,223.0,,2796525
2025-09-05 11:11:00.176637+05:30,223.0,,2796525
2025-09-05 11:11:00.419486+05:30,223.5,,2796525
2025-09-05 11:11:01.137323+05:30,224.0,,2796525
2025-09-05 11:11:01.476753+05:30,224.25,,2796525
2025-09-05 11:11:01.661178+05:30,224.0,,2796525
2025-09-05 11:11:02.154317+05:30,223.45,,2796525
2025-09-05 11:11:03.183885+05:30,223.5,,2796525
2025-09-05 11:11:03.712791+05:30,223.5,,2796525
2025-09-05 11:11:04.154858+05:30,223.65,,2796525
2025-09-05 11:11:04.884237+05:30,223.75,,2796525
2025-09-05 11:11:05.225177+05:30,223.75,,2796525
